1619 2844
160 98 303 148 250¹
536 94 1007 144 SYNoNYMA.

139 191 259 278 X.
339 167 1494 293 SYNWW

91 327 205 387 318.
227 322 475 383 Synonyrna
503 322 598 369 sunt
624 322 791 370 diversa
821 321 1160 384 Phytologorum
1197 322 1266 382 (6)
1304 328 1499 384 nomina,

230 386 367 436 eidem
394 389 559 455 plantae
583 392 799 456 imposita,
821 406 953 456 eaque
982 388 1181 437 Generica
1215 395 1356 453 (VII),
1391 392 1499 458 Spe-

221 452 333 520 ciftca
370 460 513 516 (VIII)
552 460 592 504 <31
631 458 854 507 Varianticz
892 458 1009 517 (IX).

139 532 275 577 Patres
301 537 339 586 ᾗ.
364 548 401 588 9.
426 535 727 575 conveniebant
747 540 986 589 plerumque
1007 533 1048 574 in
1075 536 1301 587 plantarum
1323 538 1504 581 nomini-

251 594 338 642 bus,
365 592 564 644 genericis
592 592 723 631 solum
755 591 956 632 contenti.

259 645 560 685 commentatores
581 648 618 697 ᾗ.
641 657 704 688 10.
732 648 785 686 ob
800 645 1003 686 defeetum
1021 644 1359 698 Descriptionum
1375 647 1414 687 ὃς
1428 647 1501 689 Fi-

253 713 441 758 guratum
465 701 507 741 in
530 700 699 742 Patrum
715 701 883 754 scriptis,
898 700 1010 741 varie
1029 713 1179 741 eorum
1205 703 1374 743 nomina
1387 705 1503 756 plan·

253 758 306 796 tis
330 755 599 808 adplicabant.

140 810 397 868 Defiriptnres·
422 817 452 856 §-
482 823 543 854 Ιῐ.
574 822 637 853 12.
670 812 833 852 deteffls
859 806 1205 852 numerosioribus
1226 812 1390 864 plantis,
1422 827 1497 866 pro

204 906 209 914 ,
256 866 423 906 arbitrio
455 865 625 906 nomina
652 867 934 919 imponebant.

140 921 184 961 C.
201 921 389 964 Bszuhz'nus
407 922 666 975 quadraginta
686 935 886 962 annorum
902 922 1053 970 labore,
1069 922 1110 963 in
1121 922 1270 964 Pinace
1286 922 1495 973 1622,An-

255 974 501 1072 {ecefforum
532 976 703 1018 nomina
737 978 1008 1033 conjungebat
1038 978 1077 1017 6:
1107 978 1264 1018 reduxit:
1292 981 1340 1018 ad
1383 981 1494 1020 6000

316 1045 443 1072 ecies.

145 1046 341 1142 Curiostp§.
361 1097 423 1140 14.
451 1087 736 1139 conquirentes
760 1086 938 1137 undique
957 1101 1086 1128 novas
1104 1091 1276 1142 planta,
1298 1087 1506 1129 reddidere

254 1154 472 1182 numerum
501 1157 637 1182 earum
663 1144 788 1195 duplo
813 1141 1049 1183 auctiorem.

255 1194 480 1248 Systematici
504 1200 540 1249 §.
560 1208 623 1251 53.
652 1197 693 1237 in
714 1210 906 1252 generum
923 1197 1226 1238 construfflone
1249 1201 1351 1239 olim
1376 1197 1507 1237 maxi·-

257 1248 325 1292 me
350 1250 640 1304 dissentientes,
666 1253 883 1292 fecundum
907 1251 1003 1293 falsa
1024 1266 1187 1308 genera,
1211 1251 1505 1294 falfiffirnano-

254 1307 364 1347 mina
389 1308 536 1358 plantis
558 1308 842 1360 imponebant.

108 1409 113 1416 .
142 1361 331 1418 Legibus
347 1362 664 1403 differentiarum
681 1360 954 1414 specificarum
974 1375 1059 1402 non
1077 1363 1193 1409 datis,
1208 1361 1394 1403 ssotaniei
1408 1359 1507 1401 Dif-

261 1416 454 1457 ferentias
479 1417 626 1469 partim
652 1416 1008 1470 triviale3‚partim
1033 1419 1258 1463 variabiles,
1285 1429 1430 1458 omnes
1446 1418 1506 1455 lu-

260 1471 408 1524 micas,
428 1473 634 1525 speciebus
665 1474 949 1524 imponebant.

145 1527 197 1567 G.
215 1524 425 1574 Summus,
450 1527 621 1582 Anglus,
646 1526 869 1566 Botanicus
894 1525 1075 1584 infignis,
1098 1527 1285 1568 Bauhinii
1308 1528 1504 1569 Pinacem
1540 1561 1550 1566 ,

251 1582 491 1623 continuare
515 1581 787 1626 allaboravit,
832 1582 897 1621 sed
923 1581 1009 1623 fato
1035 1592 1265 1635 praeventus
1291 1589 1413 1637 1728.
1446 1594 1509 1621 re-

254 1637 376 1689 liquit
401 1651 502 1690 opus
530 1636 730 1680 DilleniO.

141 1691 350 1737 Dillfflzz'us,
373 1689 585 1733 Professor
613 1690 870 1732 Sherardinus
896 1693 1089 1746 Oxoniis,
1120 1694 1380 1735 continuavit
1402 1704 1506 1744 opus

259 1748 443 1788 Sherardi
464 1747 505 1786 in
527 1760 677 1786 annum
697 1776 710 1799 ,
732 1759 814 1798 quo
841 1748 958 1793 obiit,
982 1761 1101 1804 1747.

145 1800 392 1858 «Sibthorpius‚
406 1799 616 1843 Successor
631 1801 1015 1851 Dillenii,Pinacem
1031 1805 1338 1845 Sherardianum
1355 1804 1395 1845 ὃς
1408 1804 1499 1844 Dil-

254 1858 471 1910 lemanum,
494 1858 720 1897 etiamnum
740 1856 956 1911 ineditum,
974 1861 1104 1901 servat
1121 1859 1161 1900 δε
1190 1861 1358 1913 supplet.

140 1910 316 1956 Hallerus
340 1913 463 1953 variis
481 1913 522 1953 in
540 1912 743 1965 Operibus
762 1909 1067 1969 Synonymiam
1094 1916 1318 1955 absolutam
1343 1916 1500 1967 planta·

253 1981 343 2008 rum
368 1966 683 2008 Helvetiearum
709 1967 948 2008 elaboravit.

138 2021 364 2083 Synonymiae
381 2024 570 2064 absolutae
585 2036 688 2074 opus
706 2022 882 2062 maxime
899 2022 1159 2064 necessarium
1180 2023 1235 2063 est
1257 2021 1494 2073 Botanicis:

230 2080 370 2120 Unico
387 2077 560 2118 auctoris
582 2077 753 2117 nomine
773 2078 1215 2122 detecto,innotescunt
1235 2078 1440 2118 omnium.

230 2134 390 2175 Evolvi
403 2133 579 2184 ideoque
591 2130 757 2185 poffimt
768 2130 1077 2185 Descriptiones
1091 2133 1292 2189 &Figurae
1309 2145 1471 2173 omnes.

232 2189 499 2231 Innotescunt
526 2189 618 2228 inde
645 2187 786 2227 omnia
811 2200 896 2242 quae
913 2186 1113 2229 beneficio
1140 2189 1259 2230 seculi
1284 2189 1503 2230 innotuere

284 2245 333 2283 de
356 2246 505 2296 planta.

231 2298 354 2340 Plura
365 2299 536 2338 nomina
548 2309 633 2337 non
647 2297 814 2336 reddant
827 2299 999 2349 amplius
1012 2299 1141 2339 ideam
1157 2298 1289 2353 florii]
1301 2299 1501 2351 plantarfi.

144 2351 348 2411 Specierunz
375 2354 600 2410 synonyma
626 2353 673 2392 ad
700 2351 926 2393 Botanicos
952 2358 1152 2406 praecipue
1183 2357 1210 2408 s⁵
1261 2355 1385 2399 :ianm
1423 2348 1502 2391 Va-

232 2410 398 2450 rietatwn
420 2417 571 2454 autem,
593 2419 677 2457 quae
700 2406 838 2458 saepius
863 2407 1075 2461 superflua,
1091 2410 1208 2451 addat
1230 2408 1298 2461 qui
1323 2409 1447 2459 iubet,
1457 2413 1503 2445 ut

258 2465 464 2509 minuatur
486 2463 708 2518 specierum
726 2460 916 2505 falsarum
938 2477 1143 2504 numerus.

1305 2531 1417 2582 319.
1454 2521 1500 2564 In
