1619 2844
187 111 281 161 160
608 113 1056 162 NOMINA.

160 201 217 244 Ac
222 201 358 242 onitum
387 198 448 239 T.
479 199 713 240 Aconitum
819 201 1028 243 Πανηεγανίτ
1064 202 1127 244 Pl.
1164 202 1414 245 cameraria.

305 281 322 286 -
386 254 440 295 Κ.
468 252 738 296 Helleborus.
1060 257 1120 299 D
1150 258 1334 298 ΒΊοηῑίε.

163 311 349 371 Afikpias
378 308 435 350 T.
471 309 680 362 Asclepias
811 282 1010 354 Iss'herardia
1058 312 1114 352 D.
1151 313 1379 356 Sherardia.

313 392 331 399 ·
385 363 686 417 Hk.Stape1ia.
821 394 837 402 -
894 396 910 400 -
969 394 986 399 -
1069 367 1125 408 V.
1157 368 1360 410 verbena.

171 425 300 466 Caltha
397 420 455 460 T.
489 419 710 462 Calendula
822 450 840 457 -
899 451 916 456 -
972 450 991 457 -
1057 422 1342 465 Pn.Ga1enia.

236 507 253 512 -
305 503 322 512 -
391 477 475 530 Rp.
491 475 636 516 Caltha

114 592 226 643 218.
249 586 332 647 Qui
366 596 526 628 novum
558 583 699 626 Genus
735 581 986 641 constituit,
1033 580 1175 629 eidem
1206 600 1363 631 nomen
1401 586 1533 632 etiam

248 655 471 719 imponere
505 657 690 694 tenetur.

226 733 323 776 Nec
335 731 398 773 Ca
390 732 492 781 alia,
507 746 581 773 nec
594 731 725 771 Cacalz'
730 731 862 783 zstzum,
879 746 929 773 an
946 729 1353 788 Tithymaloides.K1.

225 786 408 831 Methonio
404 787 552 841 aefolio
566 789 628 844 pla
633 796 693 827 nm
714 787 808 828 Plk.

227 846 498 901 Anonymos
731 882 733 884 .

113 947 225 999 219.
249 935 417 979 Nomen
452 931 695 992 gemeticum
734 928 1004 977 immutabile
1046 933 1211 994 figatur
1232 963 1249 988 ,
1303 942 1533 998 antequam

242 1000 488 1065 specificum
521 999 658 1045 ullum
695 1008 989 1064 componatur.

166 1077 346 1120 Nomen
375 1076 627 1127 speeifieum,
657 1075 739 1120 sme
763 1078 969 1135 generico,
1002 1075 1059 1118 est
1085 1075 1196 1129 quafi
1220 1074 1426 1118 Pistiuum
1449 1074 1531 1118 fine

282 1139 532 1187 campana§.
554 1133 650 1182 236.

113 1234 226 1276 220.
250 1222 448 1334 ἒῖοιηίηει
499 1221 699 1284 gemetica
759 1220 985 1288 primitiva
1045 1236 1169 1268 nemo
1222 1222 1343 1269 sanus
1395 1221 1528 1268 intro-

281 1298 383 1336 ueit.

165 1369 331 1413 Barbara
344 1372 542 1413 vocabula
553 1371 694 1413 omnia
704 1371 794 1412 sunt
807 1370 928 1411 nobis
943 1370 1004 1410 uti
1018 1368 1376 1425 primitiva,quum
1388 1370 1527 1425 lingua

289 1439 432 1466 eorum
445 1430 494 1467 ab
507 1428 671 1468 eruditis
685 1439 771 1466 non
785 1425 1044 1476 intellioitur.

166 1480 294 1523 Dubia
310 1483 518 1579 vocasbula:
521 1486 764 1537 plantatum,
777 1482 825 1521 de
837 1481 986 1533 quibus
999 1481 1070 1521 vix
1090 1479 1247 1522 constet
1262 1493 1284 1521 e
1295 1494 1371 1533 qua
1386 1481 1526 1539 lingua

284 1543 375 1577 orta
421 1547 494 1577 unt

361 1592 533 1647 Osinunda
544 1624 557 1645 ‚
592 1590 828 1633 Tanacetum.

105 1675 224 1715 221.
264 1665 453 1713 Nomina
496 1667 697 1728 generica
748 1681 802 1711 ex
842 1660 1006 1710 duobus
1066 1661 1290 1711 vocabulis
1343 1664 1527 1724 integris

244 1747 294 1778 ac
328 1732 540 1782 distinffls
574 1735 719 1794 faeia,
754 1749 778 1779 e
812 1729 1058 1796 Republica
1093 1732 1294 1781 Botanica
1330 1732 1523 1793 relegan-

249 1799 304 1845 da
337 1802 448 1849 sunt.

340 1880 453 1924 Bella
467 1883 602 1922 donna
620 1879 678 1921 T.
857 1874 1012 1932 Atropa.

339 1937 445 1979 Ceut
450 1938 605 1978 :urium
619 1936 746 1983 maius
760 1933 822 1975 T.
854 1932 1063 1972 Centaurea.

340 1994 437 2033 Cor«
430 2007 454 2032 o
464 2007 508 2033 na
522 1992 630 2032 Solis
645 1992 707 2033 Γ.
852 1984 1083 2028 Helianthus.

342 2047 475 2088 Crista
496 2046 592 2103 galli
614 2047 667 2087 D.
850 2042 1091 2100 Rhmanthus.

339 2102 458 2144 Dens
477 2101 629 2144 beonis
645 2099 718 2140 ’.Τ
853 2098 1079 2141 Leontodon.

339 2158 451 2199 Vitis
468 2158 563 2198 idaea
583 2156 642 2196 T.
857 2153 905 2195 V
908 2152 1007 2193 zccin.
1004 2154 1080 2192 ’.ιιηι

112 2245 225 2286 222
253 2232 440 2280 Nomina
475 2228 676 2291 generica
717 2243 771 2271 ex
808 2223 971 2272 duobus
1012 2220 1240 2271 vocabulis
1276 2224 1423 2271 latinis
1460 2224 1528 2272 in-
1606 2258 1607 2261 η

244 2301 376 2361 tegris
411 2299 453 2343 ἃ
487 2295 723 2351 conjuncfis
760 2295 1010 2358 composita,
1045 2293 1123 2338 vix
1157 2290 1385 2339 toleranda
1417 2293 1525 2339 sunt.

165 2376 388 2428 Eiusmodi
401 2377 614 2420 vocabula
625 2386 753 2426 graeea
766 2372 903 2419 linffua
915 2370 1187 2423 pulcherrima
1202 2371 1319 2421 sunt3
1349 2381 1390 2413 at
1413 2372 1525 2414 Lati-

283 2446 332 2473 na
345 2443 429 2470 non
442 2430 561 2470 facile
573 2406 710 2469 eadem
723 2421 927 2465 idrmttit·
917 2455 929 2475 ‚

344 2482 1497 2541 Comzu1·ea.Chr)socoma.·

1365 2535 1520 2578 Admi-
