<?xml version="1.0" encoding="UTF-8"?>
<!DOCTYPE html PUBLIC "-//W3C//DTD XHTML 1.0 Transitional//EN"
    "http://www.w3.org/TR/xhtml1/DTD/xhtml1-transitional.dtd">
<html xmlns="http://www.w3.org/1999/xhtml" xml:lang="en" lang="en">
 <head>
  <title>
</title>
<meta http-equiv="Content-Type" content="text/html;charset=utf-8" />
  <meta name='ocr-system' content='tesseract 3.04.00' />
  <meta name='ocr-capabilities' content='ocr_page ocr_carea ocr_par ocr_line ocrx_word'/>
</head>
<body>
  <div class='ocr_page' id='page_1' title='image "./philosophiabotan00linn_0143.png"; bbox 0 0 1619 2844; ppageno 0'>
   <div class='ocr_carea' id='block_1_1' title="bbox 484 83 1386 153">
    <p class='ocr_par' dir='ltr' id='par_1_1' title="bbox 484 83 1386 153">
     <span class='ocr_line' id='line_1_1' title="bbox 484 83 1386 153; baseline 0.002 -26"><span class='ocrx_word' id='word_1_1' title='bbox 484 83 1055 134; x_wconf 67' lang='lat' dir='ltr'>CHARACTERES.</span> <span class='ocrx_word' id='word_1_2' title='bbox 1295 102 1386 153; x_wconf 79' lang='lat'>133</span> 
     </span>
    </p>
   </div>
   <div class='ocr_carea' id='block_1_2' title="bbox 215 147 382 159">
    <p class='ocr_par' dir='ltr' id='par_1_2' title="bbox 215 147 382 159">
     <span class='ocr_line' id='line_1_2' title="bbox 215 147 382 159; baseline 0 2685"><span class='ocrx_word' id='word_1_3' title='bbox 215 147 382 159; x_wconf 95' lang='lat' dir='ltr'> </span> 
     </span>
    </p>
   </div>
   <div class='ocr_carea' id='block_1_3' title="bbox 57 150 207 162">
    <p class='ocr_par' dir='ltr' id='par_1_3' title="bbox 57 150 207 162">
     <span class='ocr_line' id='line_1_3' title="bbox 57 150 207 162; baseline -0.007 0"><span class='ocrx_word' id='word_1_4' title='bbox 57 150 207 162; x_wconf 57' lang='grc' dir='ltr'>-ώ-υ--Ι-</span> 
     </span>
    </p>
   </div>
   <div class='ocr_carea' id='block_1_4' title="bbox 107 161 1262 230">
    <p class='ocr_par' dir='ltr' id='par_1_4' title="bbox 107 161 1262 230">
     <span class='ocr_line' id='line_1_4' title="bbox 107 161 1262 230; baseline 0.008 -21"><span class='ocrx_word' id='word_1_5' title='bbox 107 168 336 213; x_wconf 83' lang='lat' dir='ltr'>Terminos</span> <span class='ocrx_word' id='word_1_6' title='bbox 359 170 452 209; x_wconf 87' lang='lat' dir='ltr'>artis</span> <span class='ocrx_word' id='word_1_7' title='bbox 474 167 589 212; x_wconf 85' lang='lat' dir='ltr'>nosse</span> <span class='ocrx_word' id='word_1_8' title='bbox 609 171 747 223; x_wconf 88' lang='lat' dir='ltr'>itaque</span> <span class='ocrx_word' id='word_1_9' title='bbox 769 173 949 225; x_wconf 82' lang='lat' dir='ltr'>primum</span> <span class='ocrx_word' id='word_1_10' title='bbox 971 161 1150 230; x_wconf 69' lang='lat' dir='ltr'>T{r1·0nis</span> <span class='ocrx_word' id='word_1_11' title='bbox 1174 182 1262 218; x_wconf 86' lang='lat' dir='ltr'>crit.</span> 
     </span>
    </p>
   </div>
   <div class='ocr_carea' id='block_1_5' title="bbox 105 239 1458 338">
    <p class='ocr_par' dir='ltr' id='par_1_5' title="bbox 105 239 1458 338">
     <span class='ocr_line' id='line_1_5' title="bbox 105 239 1458 337; baseline 0.006 -54"><span class='ocrx_word' id='word_1_12' title='bbox 105 241 219 283; x_wconf 82' lang='lat' dir='ltr'>Gent.</span> <span class='ocrx_word' id='word_1_13' title='bbox 237 241 477 337; x_wconf 53' lang='lat' dir='ltr'>plagt.1pz·.aei[.</span> <span class='ocrx_word' id='word_1_14' title='bbox 499 253 563 285; x_wconf 75' lang='lat'>25.</span> <span class='ocrx_word' id='word_1_15' title='bbox 595 239 858 294; x_wconf 84' lang='lat' dir='ltr'>Explodendi</span> <span class='ocrx_word' id='word_1_16' title='bbox 875 242 965 284; x_wconf 90' lang='lat' dir='ltr'>sunt</span> <span class='ocrx_word' id='word_1_17' title='bbox 979 245 1167 297; x_wconf 71' lang='lat' dir='ltr'>pomposi</span> <span class='ocrx_word' id='word_1_18' title='bbox 1194 248 1458 304; x_wconf 64' lang='lat' dir='ltr'>&amp;1⁴210quen-</span> 
     </span>
     <span class='ocr_line' id='line_1_6' title="bbox 220 311 471 338; baseline -0.008 0"><span class='ocrx_word' id='word_1_19' title='bbox 220 311 281 338; x_wconf 78' lang='lat' dir='ltr'>tiae</span> <span class='ocrx_word' id='word_1_20' title='bbox 334 311 358 337; x_wconf 92' lang='lat' dir='ltr'>o</span> <span class='ocrx_word' id='word_1_21' title='bbox 379 312 424 338; x_wconf 84' lang='lat' dir='ltr'>cu</span> <span class='ocrx_word' id='word_1_22' title='bbox 446 311 471 337; x_wconf 90' lang='lat'>1.</span> 
     </span>
    </p>
   </div>
   <div class='ocr_carea' id='block_1_6' title="bbox 98 365 1415 557">
    <p class='ocr_par' dir='ltr' id='par_1_6' title="bbox 98 365 1415 557">
     <span class='ocr_line' id='line_1_7' title="bbox 104 365 1303 423; baseline 0.003 -16"><span class='ocrx_word' id='word_1_23' title='bbox 104 366 305 408; x_wconf 85' lang='lat' dir='ltr'>Oratorio</span> <span class='ocrx_word' id='word_1_24' title='bbox 328 365 431 422; x_wconf 85' lang='lat' dir='ltr'>stylo</span> <span class='ocrx_word' id='word_1_25' title='bbox 451 366 492 406; x_wconf 88' lang='lat' dir='ltr'>in</span> <span class='ocrx_word' id='word_1_26' title='bbox 516 367 738 407; x_wconf 62' lang='lat' dir='ltr'>chararitere</span> <span class='ocrx_word' id='word_1_27' title='bbox 767 367 823 407; x_wconf 86' lang='lat' dir='ltr'>nil</span> <span class='ocrx_word' id='word_1_28' title='bbox 854 368 982 423; x_wconf 76' lang='lat' dir='ltr'>magis</span> <span class='ocrx_word' id='word_1_29' title='bbox 1013 369 1303 411; x_wconf 70' lang='lat' dir='ltr'>abominabile.</span> 
     </span>
     <span class='ocr_line' id='line_1_8' title="bbox 101 434 1415 490; baseline 0.004 -15"><span class='ocrx_word' id='word_1_30' title='bbox 101 434 297 476; x_wconf 82' lang='lat' dir='ltr'>Termini</span> <span class='ocrx_word' id='word_1_31' title='bbox 320 437 417 476; x_wconf 78' lang='lat' dir='ltr'>artis</span> <span class='ocrx_word' id='word_1_32' title='bbox 436 434 609 487; x_wconf 84' lang='lat' dir='ltr'>faciunt,</span> <span class='ocrx_word' id='word_1_33' title='bbox 623 446 666 476; x_wconf 91' lang='lat' dir='ltr'>ut</span> <span class='ocrx_word' id='word_1_34' title='bbox 691 434 827 488; x_wconf 82' lang='lat' dir='ltr'>paucis</span> <span class='ocrx_word' id='word_1_35' title='bbox 849 435 956 476; x_wconf 81' lang='lat' dir='ltr'>ideas</span> <span class='ocrx_word' id='word_1_36' title='bbox 979 434 1133 478; x_wconf 83' lang='lat' dir='ltr'>nostras</span> <span class='ocrx_word' id='word_1_37' title='bbox 1150 450 1415 490; x_wconf 83' lang='lat' dir='ltr'>exponamus.</span> 
     </span>
     <span class='ocr_line' id='line_1_9' title="bbox 98 500 1040 557; baseline 0 -14"><span class='ocrx_word' id='word_1_38' title='bbox 98 500 213 543; x_wconf 83' lang='lat' dir='ltr'>LlN</span> <span class='ocrx_word' id='word_1_39' title='bbox 220 502 238 542; x_wconf 87' lang='grc' dir='ltr'>Ι</span> <span class='ocrx_word' id='word_1_40' title='bbox 261 502 436 542; x_wconf 65' lang='lat' dir='ltr'>charaffer</span> <span class='ocrx_word' id='word_1_41' title='bbox 457 501 640 543; x_wconf 71' lang='lat' dir='ltr'>oratorius</span> <span class='ocrx_word' id='word_1_42' title='bbox 661 501 708 543; x_wconf 78' lang='lat' dir='ltr'>fic</span> <span class='ocrx_word' id='word_1_43' title='bbox 728 503 904 557; x_wconf 84' lang='lat' dir='ltr'>exempli</span> <span class='ocrx_word' id='word_1_44' title='bbox 927 506 1040 545; x_wconf 88' lang='lat' dir='ltr'>loco.</span> 
     </span>
    </p>
   </div>
   <div class='ocr_carea' id='block_1_7' title="bbox 412 155 559 160">
    <p class='ocr_par' dir='ltr' id='par_1_7' title="bbox 412 155 559 160">
     <span class='ocr_line' id='line_1_10' title="bbox 412 155 559 160; baseline 0 0"><span class='ocrx_word' id='word_1_45' title='bbox 412 155 559 160; x_wconf 95' lang='lat' dir='ltr'> </span> 
     </span>
    </p>
   </div>
   <div class='ocr_carea' id='block_1_8' title="bbox 681 155 833 163">
    <p class='ocr_par' dir='ltr' id='par_1_8' title="bbox 681 155 833 163">
     <span class='ocr_line' id='line_1_11' title="bbox 681 155 833 163; baseline 0 0"><span class='ocrx_word' id='word_1_46' title='bbox 681 155 833 163; x_wconf 95' lang='lat' dir='ltr'> </span> 
     </span>
    </p>
   </div>
   <div class='ocr_carea' id='block_1_9' title="bbox 836 158 979 164">
    <p class='ocr_par' dir='ltr' id='par_1_9' title="bbox 836 158 979 164">
     <span class='ocr_line' id='line_1_12' title="bbox 836 158 979 164; baseline 0 0"><span class='ocrx_word' id='word_1_47' title='bbox 836 158 979 164; x_wconf 95' lang='lat' dir='ltr'> </span> 
     </span>
    </p>
   </div>
   <div class='ocr_carea' id='block_1_10' title="bbox 1069 161 1461 180">
    <p class='ocr_par' dir='ltr' id='par_1_10' title="bbox 1069 161 1461 180">
     <span class='ocr_line' id='line_1_13' title="bbox 1069 161 1461 180; baseline 0 2664"><span class='ocrx_word' id='word_1_48' title='bbox 1069 161 1461 180; x_wconf 95' lang='lat' dir='ltr'> </span> 
     </span>
    </p>
   </div>
   <div class='ocr_carea' id='block_1_11' title="bbox 100 579 1509 2310">
    <p class='ocr_par' dir='ltr' id='par_1_11' title="bbox 100 579 1455 747">
     <span class='ocr_line' id='line_1_14' title="bbox 100 579 1454 637; baseline -0.004 -14"><span class='ocrx_word' id='word_1_49' title='bbox 100 581 321 623; x_wconf 89' lang='lat' dir='ltr'>Extimum</span> <span class='ocrx_word' id='word_1_50' title='bbox 335 581 448 622; x_wconf 88' lang='lat' dir='ltr'>floris</span> <span class='ocrx_word' id='word_1_51' title='bbox 465 588 752 637; x_wconf 73' lang='lat' dir='ltr'>tegumentum</span> <span class='ocrx_word' id='word_1_52' title='bbox 764 584 1024 636; x_wconf 85' lang='lat' dir='ltr'>viride‚qu0d</span> <span class='ocrx_word' id='word_1_53' title='bbox 1034 596 1126 623; x_wconf 61' lang='lat' dir='ltr'>ante</span> <span class='ocrx_word' id='word_1_54' title='bbox 1139 579 1454 633; x_wconf 75' lang='lat' dir='ltr'>explicationem</span> 
     </span>
     <span class='ocr_line' id='line_1_15' title="bbox 157 636 1454 693; baseline -0.002 -15"><span class='ocrx_word' id='word_1_55' title='bbox 157 636 330 678; x_wconf 85' lang='lat' dir='ltr'>includit</span> <span class='ocrx_word' id='word_1_56' title='bbox 354 637 526 690; x_wconf 87' lang='lat' dir='ltr'>florem,</span> <span class='ocrx_word' id='word_1_57' title='bbox 562 638 618 680; x_wconf 87' lang='lat' dir='ltr'>est</span> <span class='ocrx_word' id='word_1_58' title='bbox 642 641 691 680; x_wconf 82' lang='lat' dir='ltr'>ad</span> <span class='ocrx_word' id='word_1_59' title='bbox 721 637 828 680; x_wconf 79' lang='lat' dir='ltr'>basin</span> <span class='ocrx_word' id='word_1_60' title='bbox 862 640 902 679; x_wconf 87' lang='lat' dir='ltr'>in</span> <span class='ocrx_word' id='word_1_61' title='bbox 924 648 947 692; x_wconf 85' lang='lat'><em>5</em></span> <span class='ocrx_word' id='word_1_62' title='bbox 972 647 1104 693; x_wconf 81' lang='lat' dir='ltr'>partes</span> <span class='ocrx_word' id='word_1_63' title='bbox 1135 638 1305 688; x_wconf 79' lang='lat' dir='ltr'>aequales</span> <span class='ocrx_word' id='word_1_64' title='bbox 1327 636 1454 676; x_wconf 85' lang='lat' dir='ltr'>veluti</span> 
     </span>
     <span class='ocr_line' id='line_1_16' title="bbox 157 691 1455 747; baseline -0.003 -14"><span class='ocrx_word' id='word_1_65' title='bbox 157 693 308 733; x_wconf 64' lang='lat' dir='ltr'>festum</span> <span class='ocrx_word' id='word_1_66' title='bbox 323 723 334 742; x_wconf 91' lang='lat'>‚</span> <span class='ocrx_word' id='word_1_67' title='bbox 367 692 424 732; x_wconf 79' lang='lat' dir='ltr'>ita</span> <span class='ocrx_word' id='word_1_68' title='bbox 445 702 584 734; x_wconf 86' lang='lat' dir='ltr'>tamen</span> <span class='ocrx_word' id='word_1_69' title='bbox 604 703 649 736; x_wconf 92' lang='lat' dir='ltr'>ut</span> <span class='ocrx_word' id='word_1_70' title='bbox 664 708 916 747; x_wconf 67' lang='lat' dir='ltr'>unaquaeque</span> <span class='ocrx_word' id='word_1_71' title='bbox 951 709 1041 747; x_wconf 83' lang='lat' dir='ltr'>pars</span> <span class='ocrx_word' id='word_1_72' title='bbox 1070 692 1117 733; x_wconf 80' lang='lat' dir='ltr'>sit</span> <span class='ocrx_word' id='word_1_73' title='bbox 1136 691 1304 741; x_wconf 62' lang='lat' dir='ltr'>longior</span> <span class='ocrx_word' id='word_1_74' title='bbox 1331 704 1455 741; x_wconf 81' lang='lat' dir='ltr'>quam</span> 
     </span>
    </p>

    <p class='ocr_par' dir='ltr' id='par_1_12' title="bbox 114 742 1509 2310">
     <span class='ocr_line' id='line_1_17' title="bbox 114 742 1454 805; baseline -0.013 -3"><span class='ocrx_word' id='word_1_75' title='bbox 114 782 115 785; x_wconf 39' lang='lat'>¹</span> <span class='ocrx_word' id='word_1_76' title='bbox 157 751 253 800; x_wconf 66' lang='lat' dir='ltr'>lata»</span> <span class='ocrx_word' id='word_1_77' title='bbox 265 747 305 787; x_wconf 83' lang='lat'>&amp;</span> <span class='ocrx_word' id='word_1_78' title='bbox 317 749 452 789; x_wconf 86' lang='lat' dir='ltr'>versus</span> <span class='ocrx_word' id='word_1_79' title='bbox 467 759 681 804; x_wconf 85' lang='lat' dir='ltr'>utramque</span> <span class='ocrx_word' id='word_1_80' title='bbox 698 751 996 792; x_wconf 80' lang='lat' dir='ltr'>extremitatem</span> <span class='ocrx_word' id='word_1_81' title='bbox 1010 742 1454 805; x_wconf 71' lang='lat' dir='ltr'>angustata‚de{inenti-</span> 
     </span>
     <span class='ocr_line' id='line_1_18' title="bbox 156 802 1457 858; baseline -0.004 -14"><span class='ocrx_word' id='word_1_82' title='bbox 156 804 230 844; x_wconf 90' lang='lat' dir='ltr'>bus</span> <span class='ocrx_word' id='word_1_83' title='bbox 247 802 414 843; x_wconf 87' lang='lat' dir='ltr'>summis</span> <span class='ocrx_word' id='word_1_84' title='bbox 430 805 669 858; x_wconf 80' lang='lat' dir='ltr'>apicibusin</span> <span class='ocrx_word' id='word_1_85' title='bbox 685 819 872 857; x_wconf 68' lang='lat' dir='ltr'>acumem</span> <span class='ocrx_word' id='word_1_86' title='bbox 894 815 1083 846; x_wconf 81' lang='lat' dir='ltr'>caeterum</span> <span class='ocrx_word' id='word_1_87' title='bbox 1098 804 1157 844; x_wconf 82' lang='lat' dir='ltr'>hae</span> <span class='ocrx_word' id='word_1_88' title='bbox 1180 812 1202 856; x_wconf 79' lang='lat'>5</span> <span class='ocrx_word' id='word_1_89' title='bbox 1220 811 1351 855; x_wconf 84' lang='lat' dir='ltr'>partes</span> <span class='ocrx_word' id='word_1_90' title='bbox 1367 814 1457 853; x_wconf 85' lang='lat' dir='ltr'>per-</span> 
     </span>
     <span class='ocr_line' id='line_1_19' title="bbox 155 857 1456 917; baseline -0.002 -20"><span class='ocrx_word' id='word_1_91' title='bbox 155 859 457 912; x_wconf 84' lang='lat' dir='ltr'>pendicularem</span> <span class='ocrx_word' id='word_1_92' title='bbox 474 859 593 902; x_wconf 80' lang='lat' dir='ltr'>situm</span> <span class='ocrx_word' id='word_1_93' title='bbox 611 864 783 914; x_wconf 87' lang='lat' dir='ltr'>servant,</span> <span class='ocrx_word' id='word_1_94' title='bbox 804 867 837 902; x_wconf 86' lang='lat'>&amp;</span> <span class='ocrx_word' id='word_1_95' title='bbox 855 863 1014 903; x_wconf 77' lang='lat' dir='ltr'>ratione</span> <span class='ocrx_word' id='word_1_96' title='bbox 1035 860 1238 901; x_wconf 86' lang='lat' dir='ltr'>foliorum</span> <span class='ocrx_word' id='word_1_97' title='bbox 1259 857 1372 917; x_wconf 69' lang='lat' dir='ltr'>floris</span> <span class='ocrx_word' id='word_1_98' title='bbox 1389 858 1456 895; x_wconf 84' lang='lat' dir='ltr'>ad-</span> 
     </span>
     <span class='ocr_line' id='line_1_20' title="bbox 158 911 1455 959; baseline -0.003 -5"><span class='ocrx_word' id='word_1_99' title='bbox 158 916 333 955; x_wconf 85' lang='lat' dir='ltr'>modum</span> <span class='ocrx_word' id='word_1_100' title='bbox 359 917 502 957; x_wconf 88' lang='lat' dir='ltr'>breves</span> <span class='ocrx_word' id='word_1_101' title='bbox 527 919 635 959; x_wconf 87' lang='lat' dir='ltr'>sunt:</span> <span class='ocrx_word' id='word_1_102' title='bbox 658 931 734 959; x_wconf 87' lang='lat' dir='ltr'>nec</span> <span class='ocrx_word' id='word_1_103' title='bbox 758 918 946 958; x_wconf 87' lang='lat' dir='ltr'>diffluunt</span> <span class='ocrx_word' id='word_1_104' title='bbox 969 930 1064 957; x_wconf 89' lang='lat' dir='ltr'>curn</span> <span class='ocrx_word' id='word_1_105' title='bbox 1090 916 1243 956; x_wconf 86' lang='lat' dir='ltr'>florum</span> <span class='ocrx_word' id='word_1_106' title='bbox 1258 911 1371 953; x_wconf 80' lang='lat' dir='ltr'>foliis</span> <span class='ocrx_word' id='word_1_107' title='bbox 1388 926 1455 951; x_wconf 89' lang='lat' dir='ltr'>co-</span> 
     </span>
     <span class='ocr_line' id='line_1_21' title="bbox 162 967 1455 1024; baseline -0.003 -15"><span class='ocrx_word' id='word_1_108' title='bbox 162 973 322 1022; x_wconf 63' lang='lat' dir='ltr'>lomus,</span> <span class='ocrx_word' id='word_1_109' title='bbox 338 971 404 1011; x_wconf 90' lang='lat' dir='ltr'>sed</span> <span class='ocrx_word' id='word_1_110' title='bbox 423 982 664 1024; x_wconf 86' lang='lat' dir='ltr'>permanent</span> <span class='ocrx_word' id='word_1_111' title='bbox 676 976 724 1015; x_wconf 91' lang='lat' dir='ltr'>ad</span> <span class='ocrx_word' id='word_1_112' title='bbox 745 973 898 1016; x_wconf 61' lang='lat' dir='ltr'>fruetus</span> <span class='ocrx_word' id='word_1_113' title='bbox 912 972 1207 1013; x_wconf 83' lang='lat' dir='ltr'>maturitatem.</span> <span class='ocrx_word' id='word_1_114' title='bbox 1244 969 1354 1009; x_wconf 75' lang='lat' dir='ltr'>Intra</span> <span class='ocrx_word' id='word_1_115' title='bbox 1374 967 1455 1007; x_wconf 79' lang='lat' dir='ltr'>liaec</span> 
     </span>
     <span class='ocr_line' id='line_1_22' title="bbox 156 1024 1455 1081; baseline -0.004 -15"><span class='ocrx_word' id='word_1_116' title='bbox 156 1024 258 1066; x_wconf 85' lang='lat' dir='ltr'>folia</span> <span class='ocrx_word' id='word_1_117' title='bbox 273 1026 362 1066; x_wconf 86' lang='lat' dir='ltr'>sunt</span> <span class='ocrx_word' id='word_1_118' title='bbox 383 1027 456 1068; x_wconf 89' lang='lat' dir='ltr'>alia</span> <span class='ocrx_word' id='word_1_119' title='bbox 468 1029 591 1071; x_wconf 86' lang='lat' dir='ltr'>Folia</span> <span class='ocrx_word' id='word_1_120' title='bbox 610 1031 732 1072; x_wconf 85' lang='lat' dir='ltr'>etiam</span> <span class='ocrx_word' id='word_1_121' title='bbox 748 1042 921 1071; x_wconf 86' lang='lat' dir='ltr'>numero</span> <span class='ocrx_word' id='word_1_122' title='bbox 939 1028 1133 1081; x_wconf 85' lang='lat' dir='ltr'>quinque,</span> <span class='ocrx_word' id='word_1_123' title='bbox 1145 1026 1210 1066; x_wconf 85' lang='lat' dir='ltr'>sed</span> <span class='ocrx_word' id='word_1_124' title='bbox 1223 1035 1373 1068; x_wconf 82' lang='lat' dir='ltr'>tenera,</span> <span class='ocrx_word' id='word_1_125' title='bbox 1385 1036 1455 1063; x_wconf 87' lang='lat' dir='ltr'>co-</span> 
     </span>
     <span class='ocr_line' id='line_1_23' title="bbox 158 1079 1454 1142; baseline -0.001 -22"><span class='ocrx_word' id='word_1_126' title='bbox 158 1083 301 1126; x_wconf 83' lang='lat' dir='ltr'>lorata,</span> <span class='ocrx_word' id='word_1_127' title='bbox 315 1083 439 1123; x_wconf 76' lang='lat' dir='ltr'>etiam</span> <span class='ocrx_word' id='word_1_128' title='bbox 454 1087 652 1142; x_wconf 73' lang='lat' dir='ltr'>oblonga,</span> <span class='ocrx_word' id='word_1_129' title='bbox 665 1087 728 1127; x_wconf 88' lang='lat' dir='ltr'>sed</span> <span class='ocrx_word' id='word_1_130' title='bbox 744 1087 894 1127; x_wconf 88' lang='lat' dir='ltr'>sursum</span> <span class='ocrx_word' id='word_1_131' title='bbox 909 1083 1037 1139; x_wconf 71' lang='lat' dir='ltr'>magis</span> <span class='ocrx_word' id='word_1_132' title='bbox 1049 1082 1260 1138; x_wconf 82' lang='lat' dir='ltr'>magisque</span> <span class='ocrx_word' id='word_1_133' title='bbox 1278 1079 1454 1126; x_wconf 84' lang='lat' dir='ltr'>dilatata,</span> 
     </span>
     <span class='ocr_line' id='line_1_24' title="bbox 157 1135 1455 1190; baseline -0.002 -14"><span class='ocrx_word' id='word_1_134' title='bbox 157 1135 245 1177; x_wconf 83' lang='lat' dir='ltr'>fere</span> <span class='ocrx_word' id='word_1_135' title='bbox 258 1137 315 1176; x_wconf 87' lang='lat' dir='ltr'>uti</span> <span class='ocrx_word' id='word_1_136' title='bbox 330 1137 639 1183; x_wconf 82' lang='lat' dir='ltr'>infundibulum</span> <span class='ocrx_word' id='word_1_137' title='bbox 654 1142 988 1190; x_wconf 84' lang='lat' dir='ltr'>mechanicorum</span> <span class='ocrx_word' id='word_1_138' title='bbox 1003 1153 1014 1187; x_wconf 85' lang='lat'>;</span> <span class='ocrx_word' id='word_1_139' title='bbox 1032 1140 1121 1179; x_wconf 89' lang='lat' dir='ltr'>sunt</span> <span class='ocrx_word' id='word_1_140' title='bbox 1133 1136 1254 1176; x_wconf 90' lang='lat' dir='ltr'>etiam</span> <span class='ocrx_word' id='word_1_141' title='bbox 1268 1135 1350 1174; x_wconf 85' lang='lat' dir='ltr'>haec</span> <span class='ocrx_word' id='word_1_142' title='bbox 1364 1135 1455 1174; x_wconf 85' lang='lat' dir='ltr'>lon-</span> 
     </span>
     <span class='ocr_line' id='line_1_25' title="bbox 157 1189 1455 1247; baseline -0.006 -10"><span class='ocrx_word' id='word_1_143' title='bbox 157 1206 209 1247; x_wconf 77' lang='lat' dir='ltr'>ge</span> <span class='ocrx_word' id='word_1_144' title='bbox 220 1194 373 1237; x_wconf 76' lang='lat' dir='ltr'>maiora</span> <span class='ocrx_word' id='word_1_145' title='bbox 383 1208 504 1246; x_wconf 83' lang='lat' dir='ltr'>quam</span> <span class='ocrx_word' id='word_1_146' title='bbox 518 1198 718 1240; x_wconf 82' lang='lat' dir='ltr'>exteriora</span> <span class='ocrx_word' id='word_1_147' title='bbox 729 1197 872 1238; x_wconf 84' lang='lat' dir='ltr'>viridia</span> <span class='ocrx_word' id='word_1_148' title='bbox 883 1193 1119 1239; x_wconf 60' lang='lat' dir='ltr'>soliassum</span> <span class='ocrx_word' id='word_1_149' title='bbox 1132 1193 1234 1233; x_wconf 88' lang='lat' dir='ltr'>intra</span> <span class='ocrx_word' id='word_1_150' title='bbox 1245 1191 1327 1232; x_wconf 79' lang='lat' dir='ltr'>haec</span> <span class='ocrx_word' id='word_1_151' title='bbox 1340 1189 1455 1242; x_wconf 87' lang='lat' dir='ltr'>quin-</span> 
     </span>
     <span class='ocr_line' id='line_1_26' title="bbox 157 1251 1453 1309; baseline 0.002 -23"><span class='ocrx_word' id='word_1_152' title='bbox 157 1261 236 1298; x_wconf 81' lang='lat' dir='ltr'>que</span> <span class='ocrx_word' id='word_1_153' title='bbox 253 1251 434 1290; x_wconf 85' lang='lat' dir='ltr'>colorata</span> <span class='ocrx_word' id='word_1_154' title='bbox 447 1265 595 1309; x_wconf 81' lang='lat' dir='ltr'>magna</span> <span class='ocrx_word' id='word_1_155' title='bbox 609 1252 713 1294; x_wconf 83' lang='lat' dir='ltr'>folia</span> <span class='ocrx_word' id='word_1_156' title='bbox 735 1253 849 1293; x_wconf 89' lang='lat' dir='ltr'>floris</span> <span class='ocrx_word' id='word_1_157' title='bbox 867 1254 1082 1306; x_wconf 78' lang='lat' dir='ltr'>sequuntur</span> <span class='ocrx_word' id='word_1_158' title='bbox 1095 1260 1268 1288; x_wconf 87' lang='lat' dir='ltr'>numero</span> <span class='ocrx_word' id='word_1_159' title='bbox 1283 1255 1305 1300; x_wconf 86' lang='lat'><em>5</em></span> <span class='ocrx_word' id='word_1_160' title='bbox 1323 1254 1453 1299; x_wconf 82' lang='lat' dir='ltr'>partes</span> 
     </span>
     <span class='ocr_line' id='line_1_27' title="bbox 154 1301 1455 1361; baseline 0.005 -17"><span class='ocrx_word' id='word_1_161' title='bbox 154 1301 392 1353; x_wconf 82' lang='lat' dir='ltr'>filiformes‚</span> <span class='ocrx_word' id='word_1_162' title='bbox 417 1306 584 1361; x_wconf 86' lang='lat' dir='ltr'>superne</span> <span class='ocrx_word' id='word_1_163' title='bbox 606 1307 747 1349; x_wconf 75' lang='lat' dir='ltr'>sensim</span> <span class='ocrx_word' id='word_1_164' title='bbox 772 1316 985 1348; x_wconf 79' lang='lat' dir='ltr'>attenuatae</span> <span class='ocrx_word' id='word_1_165' title='bbox 1001 1307 1043 1345; x_wconf 88' lang='lat' dir='ltr'>in</span> <span class='ocrx_word' id='word_1_166' title='bbox 1069 1315 1338 1349; x_wconf 79' lang='lat' dir='ltr'>mucronem3</span> <span class='ocrx_word' id='word_1_167' title='bbox 1369 1312 1455 1352; x_wconf 82' lang='lat' dir='ltr'>quae</span> 
     </span>
     <span class='ocr_line' id='line_1_28' title="bbox 153 1356 1456 1417; baseline -0.002 -18"><span class='ocrx_word' id='word_1_168' title='bbox 153 1360 503 1412; x_wconf 83' lang='lat' dir='ltr'>perpendiculares</span> <span class='ocrx_word' id='word_1_169' title='bbox 525 1364 611 1406; x_wconf 86' lang='lat' dir='ltr'>fere</span> <span class='ocrx_word' id='word_1_170' title='bbox 623 1366 805 1417; x_wconf 63' lang='lat' dir='ltr'>summes</span> <span class='ocrx_word' id='word_1_171' title='bbox 818 1361 1074 1414; x_wconf 66' lang='lat' dir='ltr'>longitudine</span> <span class='ocrx_word' id='word_1_172' title='bbox 1092 1359 1291 1400; x_wconf 84' lang='lat' dir='ltr'>excedunt</span> <span class='ocrx_word' id='word_1_173' title='bbox 1302 1356 1456 1396; x_wconf 84' lang='lat' dir='ltr'>extima</span> 
     </span>
     <span class='ocr_line' id='line_1_29' title="bbox 152 1412 1454 1466; baseline -0.003 -12"><span class='ocrx_word' id='word_1_174' title='bbox 152 1412 307 1456; x_wconf 81' lang='lat' dir='ltr'>foliola</span> <span class='ocrx_word' id='word_1_175' title='bbox 322 1417 459 1466; x_wconf 82' lang='lat' dir='ltr'>floris3</span> <span class='ocrx_word' id='word_1_176' title='bbox 490 1421 630 1462; x_wconf 85' lang='lat' dir='ltr'>harum</span> <span class='ocrx_word' id='word_1_177' title='bbox 648 1420 949 1462; x_wconf 84' lang='lat' dir='ltr'>summitatibus</span> <span class='ocrx_word' id='word_1_178' title='bbox 972 1415 1145 1458; x_wconf 74' lang='lat' dir='ltr'>insident</span> <span class='ocrx_word' id='word_1_179' title='bbox 1170 1413 1347 1453; x_wconf 88' lang='lat' dir='ltr'>totidem</span> <span class='ocrx_word' id='word_1_180' title='bbox 1365 1425 1454 1451; x_wconf 87' lang='lat' dir='ltr'>cor-</span> 
     </span>
     <span class='ocr_line' id='line_1_30' title="bbox 154 1464 1453 1529; baseline -0.005 -11"><span class='ocrx_word' id='word_1_181' title='bbox 154 1471 329 1521; x_wconf 69' lang='lat' dir='ltr'>pustula,</span> <span class='ocrx_word' id='word_1_182' title='bbox 344 1470 557 1529; x_wconf 73' lang='lat' dir='ltr'>simplicia,</span> <span class='ocrx_word' id='word_1_183' title='bbox 582 1477 778 1523; x_wconf 83' lang='lat' dir='ltr'>craffiora,</span> <span class='ocrx_word' id='word_1_184' title='bbox 802 1488 888 1528; x_wconf 84' lang='lat' dir='ltr'>quae</span> <span class='ocrx_word' id='word_1_185' title='bbox 902 1475 1091 1527; x_wconf 77' lang='lat' dir='ltr'>spargunt</span> <span class='ocrx_word' id='word_1_186' title='bbox 1106 1469 1296 1520; x_wconf 80' lang='lat' dir='ltr'>farinam,</span> <span class='ocrx_word' id='word_1_187' title='bbox 1318 1464 1453 1529; x_wconf 38' lang='lat' dir='ltr'>&amp;ba-fl</span> 
     </span>
     <span class='ocr_line' id='line_1_31' title="bbox 155 1522 1452 1582; baseline 0.001 -18"><span class='ocrx_word' id='word_1_188' title='bbox 155 1522 238 1566; x_wconf 79' lang='lat' dir='ltr'>fiffa</span> <span class='ocrx_word' id='word_1_189' title='bbox 248 1525 295 1570; x_wconf 86' lang='lat' dir='ltr'>in</span> <span class='ocrx_word' id='word_1_190' title='bbox 310 1539 333 1570; x_wconf 82' lang='lat'><strong>2</strong></span> <span class='ocrx_word' id='word_1_191' title='bbox 349 1541 476 1578; x_wconf 81' lang='lat' dir='ltr'>partes</span> <span class='ocrx_word' id='word_1_192' title='bbox 498 1541 648 1573; x_wconf 80' lang='lat' dir='ltr'>acutas.</span> <span class='ocrx_word' id='word_1_193' title='bbox 693 1530 822 1573; x_wconf 84' lang='lat' dir='ltr'>Hisce</span> <span class='ocrx_word' id='word_1_194' title='bbox 843 1529 1022 1582; x_wconf 82' lang='lat' dir='ltr'>partibus</span> <span class='ocrx_word' id='word_1_195' title='bbox 1035 1528 1163 1579; x_wconf 87' lang='lat' dir='ltr'>probe</span> <span class='ocrx_word' id='word_1_196' title='bbox 1177 1525 1388 1577; x_wconf 63' lang='lat' dir='ltr'>persped‘tis</span> <span class='ocrx_word' id='word_1_197' title='bbox 1411 1535 1452 1561; x_wconf 84' lang='lat' dir='ltr'>m</span> 
     </span>
     <span class='ocr_line' id='line_1_32' title="bbox 155 1578 1453 1640; baseline -0.002 -20"><span class='ocrx_word' id='word_1_198' title='bbox 155 1590 297 1621; x_wconf 87' lang='lat' dir='ltr'>centro</span> <span class='ocrx_word' id='word_1_199' title='bbox 321 1584 434 1625; x_wconf 87' lang='lat' dir='ltr'>floris</span> <span class='ocrx_word' id='word_1_200' title='bbox 451 1600 587 1628; x_wconf 76' lang='lat' dir='ltr'>occum</span> <span class='ocrx_word' id='word_1_201' title='bbox 597 1587 630 1628; x_wconf 87' lang='lat' dir='ltr'>it</span> <span class='ocrx_word' id='word_1_202' title='bbox 645 1601 808 1640; x_wconf 87' lang='lat' dir='ltr'>corpus,</span> <span class='ocrx_word' id='word_1_203' title='bbox 819 1586 930 1638; x_wconf 89' lang='lat' dir='ltr'>quod</span> <span class='ocrx_word' id='word_1_204' title='bbox 943 1581 1134 1624; x_wconf 73' lang='lat' dir='ltr'>excrescit</span> <span class='ocrx_word' id='word_1_205' title='bbox 1146 1581 1187 1623; x_wconf 88' lang='lat' dir='ltr'>in</span> <span class='ocrx_word' id='word_1_206' title='bbox 1205 1579 1397 1628; x_wconf 58' lang='lat' dir='ltr'>frustum,</span> <span class='ocrx_word' id='word_1_207' title='bbox 1412 1578 1453 1618; x_wconf 74' lang='grc' dir='ltr'>ὅε</span> 
     </span>
     <span class='ocr_line' id='line_1_33' title="bbox 153 1634 1453 1697; baseline -0.002 -22"><span class='ocrx_word' id='word_1_208' title='bbox 153 1638 223 1676; x_wconf 88' lang='lat' dir='ltr'>sub</span> <span class='ocrx_word' id='word_1_209' title='bbox 237 1638 487 1682; x_wconf 85' lang='lat' dir='ltr'>florescentia</span> <span class='ocrx_word' id='word_1_210' title='bbox 499 1642 586 1684; x_wconf 78' lang='lat' dir='ltr'>fere</span> <span class='ocrx_word' id='word_1_211' title='bbox 598 1645 710 1697; x_wconf 65' lang='lat' dir='ltr'>globi</span> <span class='ocrx_word' id='word_1_212' title='bbox 736 1642 919 1682; x_wconf 84' lang='lat' dir='ltr'>formam</span> <span class='ocrx_word' id='word_1_213' title='bbox 946 1639 1146 1690; x_wconf 86' lang='lat' dir='ltr'>imitatur,</span> <span class='ocrx_word' id='word_1_214' title='bbox 1174 1635 1238 1676; x_wconf 87' lang='lat' dir='ltr'>cui</span> <span class='ocrx_word' id='word_1_215' title='bbox 1259 1634 1453 1686; x_wconf 88' lang='lat' dir='ltr'>superim-</span> 
     </span>
     <span class='ocr_line' id='line_1_34' title="bbox 152 1690 1453 1754; baseline -0.003 -23"><span class='ocrx_word' id='word_1_216' title='bbox 152 1690 282 1744; x_wconf 76' lang='lat' dir='ltr'>posita</span> <span class='ocrx_word' id='word_1_217' title='bbox 298 1693 387 1733; x_wconf 76' lang='lat' dir='ltr'>sunt</span> <span class='ocrx_word' id='word_1_218' title='bbox 411 1706 434 1748; x_wconf 66' lang='lat'>5</span> <span class='ocrx_word' id='word_1_219' title='bbox 454 1696 521 1739; x_wconf 83' lang='lat' dir='ltr'>fila</span> <span class='ocrx_word' id='word_1_220' title='bbox 542 1699 798 1754; x_wconf 81' lang='lat' dir='ltr'>vegetabilia,</span> <span class='ocrx_word' id='word_1_221' title='bbox 829 1709 917 1748; x_wconf 85' lang='lat' dir='ltr'>quae</span> <span class='ocrx_word' id='word_1_222' title='bbox 930 1694 1083 1745; x_wconf 88' lang='lat' dir='ltr'>ubique</span> <span class='ocrx_word' id='word_1_223' title='bbox 1107 1692 1275 1732; x_wconf 86' lang='lat' dir='ltr'>eandem</span> <span class='ocrx_word' id='word_1_224' title='bbox 1293 1692 1453 1729; x_wconf 81' lang='lat' dir='ltr'>servant</span> 
     </span>
     <span class='ocr_line' id='line_1_35' title="bbox 154 1745 1453 1807; baseline -0.003 -21"><span class='ocrx_word' id='word_1_225' title='bbox 154 1747 425 1801; x_wconf 79' lang='lat' dir='ltr'>craffitiem‚&amp;</span> <span class='ocrx_word' id='word_1_226' title='bbox 439 1754 811 1807; x_wconf 85' lang='lat' dir='ltr'>perpendicularem</span> <span class='ocrx_word' id='word_1_227' title='bbox 824 1751 957 1792; x_wconf 85' lang='lat' dir='ltr'>ferme</span> <span class='ocrx_word' id='word_1_228' title='bbox 969 1751 1085 1789; x_wconf 73' lang='lat' dir='ltr'>situm</span> <span class='ocrx_word' id='word_1_229' title='bbox 1096 1745 1453 1795; x_wconf 80' lang='lat' dir='ltr'>habenr‚eandem-</span> 
     </span>
     <span class='ocr_line' id='line_1_36' title="bbox 154 1800 1449 1859; baseline -0.003 -17"><span class='ocrx_word' id='word_1_230' title='bbox 154 1815 233 1853; x_wconf 88' lang='lat' dir='ltr'>que</span> <span class='ocrx_word' id='word_1_231' title='bbox 258 1805 449 1846; x_wconf 78' lang='lat' dir='ltr'>obtinent</span> <span class='ocrx_word' id='word_1_232' title='bbox 482 1810 790 1859; x_wconf 70' lang='lat' dir='ltr'>longitudinem</span> <span class='ocrx_word' id='word_1_233' title='bbox 815 1820 908 1848; x_wconf 89' lang='lat' dir='ltr'>cum</span> <span class='ocrx_word' id='word_1_234' title='bbox 929 1816 952 1859; x_wconf 85' lang='lat'><em>5</em></span> <span class='ocrx_word' id='word_1_235' title='bbox 974 1803 1154 1857; x_wconf 81' lang='lat' dir='ltr'>partibus</span> <span class='ocrx_word' id='word_1_236' title='bbox 1179 1800 1449 1842; x_wconf 81' lang='lat' dir='ltr'>filiformibus</span> 
     </span>
     <span class='ocr_line' id='line_1_37' title="bbox 155 1859 1451 1915; baseline -0.002 -18"><span class='ocrx_word' id='word_1_237' title='bbox 155 1871 256 1899; x_wconf 88' lang='lat' dir='ltr'>mox</span> <span class='ocrx_word' id='word_1_238' title='bbox 273 1859 479 1913; x_wconf 86' lang='lat' dir='ltr'>descriptis</span> <span class='ocrx_word' id='word_1_239' title='bbox 495 1882 509 1910; x_wconf 88' lang='grc'>,·</span> <span class='ocrx_word' id='word_1_240' title='bbox 529 1859 619 1906; x_wconf 76' lang='lat' dir='ltr'>sunt</span> <span class='ocrx_word' id='word_1_241' title='bbox 630 1873 768 1906; x_wconf 77' lang='lat' dir='ltr'>autem</span> <span class='ocrx_word' id='word_1_242' title='bbox 791 1864 874 1903; x_wconf 87' lang='lat' dir='ltr'>haec</span> <span class='ocrx_word' id='word_1_243' title='bbox 890 1860 1070 1915; x_wconf 88' lang='lat' dir='ltr'>apicibus</span> <span class='ocrx_word' id='word_1_244' title='bbox 1086 1871 1171 1899; x_wconf 87' lang='lat' dir='ltr'>non</span> <span class='ocrx_word' id='word_1_245' title='bbox 1195 1859 1367 1909; x_wconf 75' lang='lat' dir='ltr'>capitata</span> <span class='ocrx_word' id='word_1_246' title='bbox 1384 1861 1451 1895; x_wconf 79' lang='lat' dir='ltr'>aut</span> 
     </span>
     <span class='ocr_line' id='line_1_38' title="bbox 150 1910 1449 1972; baseline -0.002 -20"><span class='ocrx_word' id='word_1_247' title='bbox 150 1911 376 1967; x_wconf 76' lang='lat' dir='ltr'>incrassata,</span> <span class='ocrx_word' id='word_1_248' title='bbox 390 1919 454 1959; x_wconf 90' lang='lat' dir='ltr'>sed</span> <span class='ocrx_word' id='word_1_249' title='bbox 468 1933 609 1972; x_wconf 88' lang='lat' dir='ltr'>parum</span> <span class='ocrx_word' id='word_1_250' title='bbox 625 1919 849 1961; x_wconf 85' lang='lat' dir='ltr'>extrorsum</span> <span class='ocrx_word' id='word_1_251' title='bbox 864 1918 992 1958; x_wconf 79' lang='lat' dir='ltr'>flexa?</span> <span class='ocrx_word' id='word_1_252' title='bbox 1019 1915 1174 1967; x_wconf 58' lang='lat' dir='ltr'>peraeta</span> <span class='ocrx_word' id='word_1_253' title='bbox 1194 1910 1449 1953; x_wconf 75' lang='lat' dir='ltr'>florescentia</span> 
     </span>
     <span class='ocr_line' id='line_1_39' title="bbox 152 1967 1509 2028; baseline 0.01 -20"><span class='ocrx_word' id='word_1_254' title='bbox 152 1967 200 2008; x_wconf 82' lang='lat' dir='ltr'>fit</span> <span class='ocrx_word' id='word_1_255' title='bbox 219 1968 389 2012; x_wconf 55' lang='lat' dir='ltr'>Fructus</span> <span class='ocrx_word' id='word_1_256' title='bbox 404 1975 550 2027; x_wconf 85' lang='lat' dir='ltr'>aridus,</span> <span class='ocrx_word' id='word_1_257' title='bbox 564 1975 700 2017; x_wconf 85' lang='lat' dir='ltr'>forma</span> <span class='ocrx_word' id='word_1_258' title='bbox 714 1975 847 2015; x_wconf 83' lang='lat' dir='ltr'>ferme</span> <span class='ocrx_word' id='word_1_259' title='bbox 862 1971 993 2028; x_wconf 70' lang='lat' dir='ltr'>globi,</span> <span class='ocrx_word' id='word_1_260' title='bbox 1006 1971 1070 2011; x_wconf 90' lang='lat' dir='ltr'>sed</span> <span class='ocrx_word' id='word_1_261' title='bbox 1085 1969 1270 2011; x_wconf 86' lang='lat' dir='ltr'>obsolete</span> <span class='ocrx_word' id='word_1_262' title='bbox 1284 1976 1307 2019; x_wconf 84' lang='lat'><em>5</em></span> <span class='ocrx_word' id='word_1_263' title='bbox 1322 1978 1451 2021; x_wconf 67' lang='lat' dir='ltr'>angu&#39;</span> <span class='ocrx_word' id='word_1_264' title='bbox 1506 1977 1509 1979; x_wconf 57' lang='grc'><strong><em>’</em></strong></span> 
     </span>
     <span class='ocr_line' id='line_1_40' title="bbox 151 2020 1448 2085; baseline -0.002 -22"><span class='ocrx_word' id='word_1_265' title='bbox 151 2023 199 2064; x_wconf 87' lang='lat' dir='ltr'>lis</span> <span class='ocrx_word' id='word_1_266' title='bbox 211 2034 396 2071; x_wconf 78' lang='lat' dir='ltr'>notatus,</span> <span class='ocrx_word' id='word_1_267' title='bbox 410 2028 449 2069; x_wconf 62' lang='grc' dir='ltr'>ὃς</span> <span class='ocrx_word' id='word_1_268' title='bbox 460 2030 500 2070; x_wconf 93' lang='lat' dir='ltr'>in</span> <span class='ocrx_word' id='word_1_269' title='bbox 513 2031 746 2072; x_wconf 86' lang='lat' dir='ltr'>summitate</span> <span class='ocrx_word' id='word_1_270' title='bbox 758 2029 862 2085; x_wconf 68' lang='lat' dir='ltr'>gerit</span> <span class='ocrx_word' id='word_1_271' title='bbox 875 2038 1116 2068; x_wconf 86' lang='lat' dir='ltr'>mucronem</span> <span class='ocrx_word' id='word_1_272' title='bbox 1128 2038 1139 2072; x_wconf 84' lang='lat'>3</span> <span class='ocrx_word' id='word_1_273' title='bbox 1151 2024 1257 2064; x_wconf 86' lang='lat' dir='ltr'>hunc</span> <span class='ocrx_word' id='word_1_274' title='bbox 1270 2020 1448 2062; x_wconf 48' lang='lat' dir='ltr'>fructum</span> 
     </span>
     <span class='ocr_line' id='line_1_41' title="bbox 151 2076 1447 2135; baseline -0.003 -16"><span class='ocrx_word' id='word_1_275' title='bbox 151 2076 448 2125; x_wconf 81' lang='lat' dir='ltr'>fitransverfim</span> <span class='ocrx_word' id='word_1_276' title='bbox 469 2084 649 2135; x_wconf 70' lang='lat' dir='ltr'>disseces,</span> <span class='ocrx_word' id='word_1_277' title='bbox 672 2085 830 2127; x_wconf 86' lang='lat' dir='ltr'>videbis</span> <span class='ocrx_word' id='word_1_278' title='bbox 846 2084 1019 2124; x_wconf 87' lang='lat' dir='ltr'>eundem</span> <span class='ocrx_word' id='word_1_279' title='bbox 1038 2079 1251 2121; x_wconf 87' lang='lat' dir='ltr'>internein</span> <span class='ocrx_word' id='word_1_280' title='bbox 1275 2088 1323 2119; x_wconf 84' lang='lat'>10</span> <span class='ocrx_word' id='word_1_281' title='bbox 1348 2088 1447 2117; x_wconf 89' lang='lat' dir='ltr'>con-</span> 
     </span>
     <span class='ocr_line' id='line_1_42' title="bbox 152 2134 1448 2192; baseline -0.003 -17"><span class='ocrx_word' id='word_1_282' title='bbox 152 2137 447 2181; x_wconf 80' lang='lat' dir='ltr'>camerationes</span> <span class='ocrx_word' id='word_1_283' title='bbox 469 2142 656 2188; x_wconf 86' lang='lat' dir='ltr'>divisum,</span> <span class='ocrx_word' id='word_1_284' title='bbox 678 2143 720 2182; x_wconf 86' lang='lat'>&amp;</span> <span class='ocrx_word' id='word_1_285' title='bbox 745 2154 839 2181; x_wconf 89' lang='lat' dir='ltr'>cum</span> <span class='ocrx_word' id='word_1_286' title='bbox 861 2140 1007 2192; x_wconf 84' lang='lat' dir='ltr'>sponte</span> <span class='ocrx_word' id='word_1_287' title='bbox 1026 2136 1211 2180; x_wconf 85' lang='lat' dir='ltr'>dehiscat,</span> <span class='ocrx_word' id='word_1_288' title='bbox 1233 2134 1271 2174; x_wconf 87' lang='lat' dir='ltr'>se</span> <span class='ocrx_word' id='word_1_289' title='bbox 1293 2135 1448 2184; x_wconf 81' lang='lat' dir='ltr'>aperire</span> 
     </span>
     <span class='ocr_line' id='line_1_43' title="bbox 151 2186 1446 2248; baseline -0.008 -12"><span class='ocrx_word' id='word_1_290' title='bbox 151 2189 194 2230; x_wconf 79' lang='lat' dir='ltr'>in</span> <span class='ocrx_word' id='word_1_291' title='bbox 219 2200 243 2245; x_wconf 86' lang='lat'><em>5</em></span> <span class='ocrx_word' id='word_1_292' title='bbox 258 2201 391 2246; x_wconf 87' lang='lat' dir='ltr'>partes</span> <span class='ocrx_word' id='word_1_293' title='bbox 413 2199 609 2248; x_wconf 66' lang='lat' dir='ltr'>aequales:</span> <span class='ocrx_word' id='word_1_294' title='bbox 643 2198 748 2237; x_wconf 89' lang='lat' dir='ltr'>intra</span> <span class='ocrx_word' id='word_1_295' title='bbox 771 2208 868 2248; x_wconf 90' lang='lat' dir='ltr'>quas</span> <span class='ocrx_word' id='word_1_296' title='bbox 899 2205 948 2236; x_wconf 87' lang='lat'>10</span> <span class='ocrx_word' id='word_1_297' title='bbox 970 2196 1120 2233; x_wconf 82' lang='lat' dir='ltr'>latuere</span> <span class='ocrx_word' id='word_1_298' title='bbox 1142 2189 1294 2231; x_wconf 90' lang='lat' dir='ltr'>semina</span> <span class='ocrx_word' id='word_1_299' title='bbox 1317 2186 1446 2247; x_wconf 68' lang='lat' dir='ltr'>figura</span> 
     </span>
     <span class='ocr_line' id='line_1_44' title="bbox 152 2243 1447 2310; baseline -0.012 -14"><span class='ocrx_word' id='word_1_300' title='bbox 152 2243 286 2289; x_wconf 65' lang='lat' dir='ltr'>ferme</span> <span class='ocrx_word' id='word_1_301' title='bbox 307 2249 395 2295; x_wconf 78' lang='lat' dir='ltr'>ovi,</span> <span class='ocrx_word' id='word_1_302' title='bbox 420 2251 486 2292; x_wconf 91' lang='lat' dir='ltr'>sed</span> <span class='ocrx_word' id='word_1_303' title='bbox 507 2252 638 2310; x_wconf 81' lang='lat' dir='ltr'>magis</span> <span class='ocrx_word' id='word_1_304' title='bbox 662 2255 800 2308; x_wconf 87' lang='lat' dir='ltr'>longa,</span> <span class='ocrx_word' id='word_1_305' title='bbox 820 2250 861 2290; x_wconf 74' lang='grc' dir='ltr'>δε</span> <span class='ocrx_word' id='word_1_306' title='bbox 878 2251 999 2290; x_wconf 78' lang='lat' dir='ltr'>altera</span> <span class='ocrx_word' id='word_1_307' title='bbox 1023 2248 1280 2288; x_wconf 79' lang='lat' dir='ltr'>extremitate</span> <span class='ocrx_word' id='word_1_308' title='bbox 1295 2255 1447 2282; x_wconf 82' lang='lat' dir='ltr'>acumi-</span> 
     </span>
    </p>
   </div>
   <div class='ocr_carea' id='block_1_12' title="bbox 149 2296 1458 2414">
    <p class='ocr_par' dir='ltr' id='par_1_13' title="bbox 149 2296 1458 2414">
     <span class='ocr_line' id='line_1_45' title="bbox 149 2296 1446 2399; baseline -0.005 -56"><span class='ocrx_word' id='word_1_309' title='bbox 149 2309 376 2399; x_wconf 50' lang='lat' dir='ltr'>§cati’bnec</span> <span class='ocrx_word' id='word_1_310' title='bbox 396 2317 481 2348; x_wconf 88' lang='lat' dir='ltr'>non</span> <span class='ocrx_word' id='word_1_311' title='bbox 506 2321 651 2361; x_wconf 80' lang='lat' dir='ltr'>parum</span> <span class='ocrx_word' id='word_1_312' title='bbox 675 2302 926 2361; x_wconf 76' lang='lat' dir='ltr'>compressa,</span> <span class='ocrx_word' id='word_1_313' title='bbox 954 2301 1162 2357; x_wconf 73' lang='lat' dir='ltr'>superficie</span> <span class='ocrx_word' id='word_1_314' title='bbox 1185 2297 1292 2352; x_wconf 74' lang='lat' dir='ltr'>quasi</span> <span class='ocrx_word' id='word_1_315' title='bbox 1318 2296 1446 2351; x_wconf 82' lang='lat' dir='ltr'>polita</span> 
     </span>
     <span class='ocr_line' id='line_1_46' title="bbox 204 2368 1458 2414; baseline 0 -15"><span class='ocrx_word' id='word_1_316' title='bbox 204 2371 229 2414; x_wconf 86' lang='lat' dir='ltr'><strong>g</strong></span> <span class='ocrx_word' id='word_1_317' title='bbox 249 2371 269 2399; x_wconf 90' lang='lat' dir='ltr'>a</span> <span class='ocrx_word' id='word_1_318' title='bbox 299 2372 352 2400; x_wconf 90' lang='lat' dir='ltr'>ra.</span> <span class='ocrx_word' id='word_1_319' title='bbox 1454 2368 1458 2371; x_wconf 86' lang='grc'><em>·</em></span> 
     </span>
    </p>
   </div>
   <div class='ocr_carea' id='block_1_13' title="bbox 92 2415 1442 2594">
    <p class='ocr_par' dir='ltr' id='par_1_14' title="bbox 92 2415 1442 2594">
     <span class='ocr_line' id='line_1_47' title="bbox 92 2415 1442 2485; baseline 0.007 -26"><span class='ocrx_word' id='word_1_320' title='bbox 92 2415 283 2461; x_wconf 66' lang='lat' dir='ltr'>Charafler</span> <span class='ocrx_word' id='word_1_321' title='bbox 301 2421 412 2464; x_wconf 89' lang='lat' dir='ltr'>idem</span> <span class='ocrx_word' id='word_1_322' title='bbox 438 2422 560 2478; x_wconf 84' lang='lat' dir='ltr'>Lini,</span> <span class='ocrx_word' id='word_1_323' title='bbox 587 2427 725 2485; x_wconf 88' lang='lat' dir='ltr'>lingua</span> <span class='ocrx_word' id='word_1_324' title='bbox 750 2425 961 2469; x_wconf 84' lang='lat' dir='ltr'>Botanicis</span> <span class='ocrx_word' id='word_1_325' title='bbox 985 2422 1147 2467; x_wconf 71' lang='lat' dir='ltr'>usitata.</span> <span class='ocrx_word' id='word_1_326' title='bbox 1183 2418 1324 2460; x_wconf 70' lang='lat' dir='ltr'>eadem</span> <span class='ocrx_word' id='word_1_327' title='bbox 1348 2427 1442 2456; x_wconf 66' lang='lat' dir='ltr'>om*</span> 
     </span>
     <span class='ocr_line' id='line_1_48' title="bbox 152 2481 542 2533; baseline 0.015 -18"><span class='ocrx_word' id='word_1_328' title='bbox 152 2487 218 2517; x_wconf 82' lang='lat' dir='ltr'>ma</span> <span class='ocrx_word' id='word_1_329' title='bbox 249 2481 542 2533; x_wconf 67' lang='lat' dir='ltr'>compled&#39;tens.</span> 
     </span>
     <span class='ocr_line' id='line_1_49' title="bbox 698 2525 1442 2594; baseline 0.001 -29"><span class='ocrx_word' id='word_1_330' title='bbox 698 2539 716 2580; x_wconf 72' lang='grc' dir='ltr'><strong>Ι</strong></span> <span class='ocrx_word' id='word_1_331' title='bbox 749 2550 772 2594; x_wconf 74' lang='lat'>3</span> <span class='ocrx_word' id='word_1_332' title='bbox 1305 2525 1442 2569; x_wconf 40' lang='lat'>(2314,</span> 
     </span>
    </p>
   </div>
  </div>
 </body>
</html>
