1619 2844
158 186 257 225 212
467 174 1122 221 DIFFERENTIA.

211 279 232 303 a
246 258 287 302 F
285 261 395 302 ruffa.
916 277 937 301 a
958 258 1000 300 F
997 260 1095 301 oliis.

91 318 216 360 Melo
231 317 363 357 fru6³m
377 315 482 355 luteo.
802 314 1057 373 Agrifolium
1088 315 1168 358 fol.
1196 331 1243 358 ex
1269 316 1506 372 luteovarieg.

92 372 292 414 Cucumis
320 370 452 412 frudini
471 370 564 411 albo.
802 396 819 404 -
875 399 893 406 -
953 396 969 401 -
1021 396 1038 403 -
1079 369 1156 412 fol.
1187 386 1235 412 ex
1263 373 1342 412 albo
1359 371 1502 426 varieg-

32 450 38 456 ·
91 426 208 482 Pepo
222 426 356 468 frustu
379 425 580 482 variegato.
799 451 818 460 -
879 452 898 460 -
954 451 971 459 -
1027 450 1044 458 -
1083 425 1163 467 fol.
1177 427 1314 468 limbis
1329 428 1368 467 ἀ
1382 427 1505 479 spinis

91 480 253 524 Prunus
264 481 396 521 frul‘Ru
408 481 649 523 ata-ocaeruleo.
1321 482 1505 538 argenteis

92 537 254 579 Pruntis
270 535 404 577 fruc'tu
421 534 539 591 flav0.
776 550 794 563 ⁶·
1327 536 1462 578 aureis.

91 591 251 635 Prunus
268 591 398 631 fructu
411 590 500 631 cerei
514 590 681 632 coloris.
805 590 1016 646 Ocymum
1040 592 1306 632 maculatum.

209 665 229 690 a
246 644 464 687 Seminibus.
800 645 924 687 Esula
938 647 1093 698 punffls
1120 647 1273 687 croceis
1294 654 1448 688 notata.

92 703 280 757 Papaver
294 701 445 742 semine
467 701 561 740 albo.
804 700 953 741 Malva
977 699 1090 741 foliis
1109 703 1295 757 margine
1326 701 1503 755 superius

91 760 277 812 Papaver
292 756 445 797 semine
461 755 580 812 nigro.
856 754 957 796 micis
971 755 1178 811 Jz'clphureis
1206 756 1369 811 adsolent
1388 757 1505 814 splen·

93 813 234 867 Sin-api
250 811 402 853 semine
414 812 508 865 rusb.
857 810 1023 851 dentibus
1041 813 1187 851 donata
1200 811 1348 853 Moris.

93 867 518 922 Sinapisemineluteo.
921 864 1051 907 abIma
1078 865 1250 907 imatione.

205 940 226 964 a
247 921 393 962 Radice.
806 921 989 977 Alypum
1010 922 1036 962 s.
1074 922 1207 962 *rutex
1220 921 1413 963 terribilis.

94 976 263 1021 Daucus
285 976 418 1019 radice
432 982 511 1015 atro
525 975 682 1014 rubente.
809 976 1062 1028 Campanula
1074 977 1193 1030 pulcra
1216 975 1249 1017 I,
1266 976 1316 1018 B.

283 1031 417 1073 radice
439 1030 597 1069 auran-tit
612 1028 756 1069 coloris.
805 1029 914 1072 Filix
928 1033 1116 1072 scandens
1123 1033 1330 1087 perpulchra
1348 1031 1419 1073 Br.

287 1086 420 1130 radice
440 1085 549 1126 lutea.
804 1083 1032 1127 Poinciana
1048 1087 1154 1127 flore
1168 1088 1404 1142 pulcherrimo
1420 1084 1477 1130 Τ.

801 1138 913 1182 Filix
924 1141 1095 1183 saxatilis
1117 1141 1376 1201 elegantzffima.

97 1231 209 1293 267.
236 1226 352 1277 Odor
377 1227 562 1294 speciem
588 1242 801 1292 nunquam
832 1227 944 1274 clare
970 1227 1211 1289 distinguit.

154 1309 341 1352 Offaems
375 1306 578 1348 examinat
611 1305 836 1347 tenuiffima
871 1306 1064 1356 effluvia3
1097 1306 1286 1346 obscurus
1324 1308 1504 1347 maxime

268 1367 372 1404 inter
402 1362 561 1407 sensus;
591 1374 738 1417 genera
761 1361 990 1413 pauciffima
1013 1360 1216 1401 nominat.

149 1419 295 1459 variat
308 1417 497 1458 omnium
508 1414 704 1456 facillime
714 1417 878 1466 odor,&
894 1417 1070 1457 diversus
1083 1416 1124 1455 in
1136 1413 1298 1455 diverfis
1309 1415 1504 1463 subjectis.

151 1472 279 1529 Quot
290 1484 463 1525 corpora
480 1471 604 1523 olida,
619 1471 793 1511 totidem
813 1470 1022 1512 distincios
1035 1468 1114 1511 esse
1126 1471 1292 1520 odores,
1315 1471 1436 1510 etiam
1459 1470 1502 1510 in

266 1529 403 1568 eadem
427 1526 572 1579 specie,
597 1535 708 1580 patet
723 1539 770 1566 ex
796 1539 940 1567 canum
959 1525 1212 1582 indigatione
1235 1524 1318 1566 heri
1331 1525 1372 1565 in
1388 1525 1505 1569 turba

262 1583 501 1623 hominum.

151 1640 317 1683 odores
330 1637 480 1677 limites
498 1636 788 1677 determinatos
800 1649 884 1677 non
900 1637 1136 1687 admittunt,
1150 1647 1225 1676 nec
1238 1633 1395 1677 definiri
1410 1637 1504 1689 pos-

262 1695 375 1740 sunt3
403 1692 585 1744 adeoque
603 1691 708 1732 inter
721 1692 963 1734 charasteres
976 1690 1141 1733 nostros
1162 1704 1292 1747 vagos
1320 1692 1507 1733 exulandi

266 1762 343 1801 pro
363 1755 462 1787 nota
486 1746 814 1788 characteristica.

150 1803 317 1850 Erronen
337 1800 451 1843 Nom.
474 1798 616 1858 Specff.
638 1803 787 1842 merito
817 1804 1120 1855 proclamamus
1152 1814 1197 1842 ea
1225 1801 1379 1848 omnia,
1418 1815 1506 1855 quae

287 1872 361 1913 pro
385 1857 609 1898 differentia
634 1856 834 1899 olfastum
859 1858 1095 1899 admittunt.

228 1946 251 1970 α
261 1927 452 1984 Speciebus
465 1928 598 1970 odoris.
944 1946 965 1970 a
975 1925 1122 1969 Plantis
1136 1924 1238 1966 aliis.

97 1984 352 2042 Hypericum
382 1983 566 2026 hircinum.
812 1985 1024 2044 Ocymum
1036 1980 1334 2040 εαξχορργΗαιαηι
1348 1977 1388 2020 C.
1401 1976 1450 2020 B.

96 2043 222 2085 Melo
237 2039 439 2094 ruff-hatur.
1036 2038 1279 2096 citrzjodore.

95 2094 470 2154 Agrimoniamedio
487 2095 583 2135 modo
596 2095 745 2136 odora-
1037 2092 1122 2144 unffi
1144 2091 1288 2130 odore.

611 2158 650 2191 ta
668 2150 737 2192 M.
891 2157 898 2164 '
1024 2145 1194 2201 foeniculi
1206 2146 1350 2186 odore.

96 2209 238 2251 Arbor
253 2205 405 2246 merdam
423 2206 553 2248 olens.
1039 2201 1174 2258 meliffc
1191 2200 1335 2240 odore.

213 2277 234 2301 a
251 2257 436 2314 Tempore
1037 2255 1245 2298 cinnamomi
1258 2255 1400 2295 odore.

97 2316 295 2369 Hesperis
316 2315 415 2354 noc—lu
433 2315 564 2354 olens.
1038 2322 1125 2352 rntae
1141 2313 1284 2351 odore.

99 2371 398 2430 Caryophyllus
419 2367 599 2410 inodorus.
1023 2366 1174 2420 stiracis
1203 2365 1287 2421 liqu.
1315 2363 1457 2404 odore.

96 2456 210 2515 268.
240 2453 380 2519 Sapor
414 2470 490 2519 pro
521 2452 685 2499 ratione
720 2448 1014 2499 manducantis
1040 2451 1155 2515 saepe
1185 2443 1405 2496 variabilis
1428 2443 1511 2501 est,

230 2526 336 2574 hinc
371 2522 418 2570 in
444 2518 692 2569 differentia
717 2518 984 2569 excludatur.
1335 2586 1399 2632 AE

1402 2593 1504 2628 tates
