1619 2844
477 139 1134 207 ‘DIFFBRENTIJL
1367 120 1499 205 229&

128 244 241 295 292.
271 233 437 278 Nomen
478 210 875 293 specificufii-nulla
914 226 1113 275 admittat
1138 214 1534 293 W

261 295 414 364 quibus
437 311 461 343 a
483 293 790 356 congeneribus
828 295 1059 341 necefl'ario
1094 294 1382 360 distinguitur,

175 382 343 420 Nullum
368 379 622 420 vocabulum
646 379 688 418 in
710 376 935 419 differentia
963 375 1147 430 specifica
1171 380 1415 432 superfluum
1443 382 1530 424 erit.

174 433 218 474 Si
236 436 377 476 eadem
396 442 496 475 nota
516 432 669 486 poterit
691 433 947 486 paucioribus
973 431 1110 473 verbis
1131 434 1332 490 exprimi,
1359 438 1435 478 erit
1463 438 1531 481 illa

290 489 464 543 optima,
490 501 575 541 quae
601 489 825 530 breviffima
845 486 940 529 fuit.

172 543 375 586 Eexulent
395 540 712 597 Autonomafia‚
736 543 993 600 Tautologia
1024 544 1063 584 ὅ(
1080 543 1237 586 flosculi
1262 547 1446 589 oratorii.

287 600 431 641 Betula
454 614 541 639 nana
560 597 693 653 pumila
721 598 927 640 Franken.
966 595 1209 656 Tautologia.

284 655 480 696 Lamium
505 653 604 694 caule
611 653 761 708 Jbliosb.
791 655 916 696 Lind.
957 654 1222 709 Antonotncfia.

114 778 227 831 293.
260 769 429 813 Nomen
464 765 710 830 specificam
743 766 938 825 nullum,
986 767 1146 831 speciei
1178 767 1224 814 in
1265 766 1338 814 suo
1373 783 1530 831 genere

257 834 464 882 solitariae
504 839 678 898 (203),
710 835 873 901 imponi
904 836 1057 902 potest.

167 912 271 953 Sunt
295 916 365 965 qui
393 913 756 966 {latuunf‚nomen
779 912 1014 967 specificum
1039 915 1129 957 addi
1153 916 1299 956 debere
1324 915 1531 970 speciebus

226 969 329 1010 novi
343 969 513 1018 generis,
529 968 629 1009 licet'
643 969 900 1022 solitariis‚ut
916 969 1009 1010 inde
1022 968 1228 1012 formetur
1240 970 1329 1011 idea
1343 975 1502 1024 plantae.

227 1022 335 1065 Non
364 1036 559 1077 negamus
577 1023 780 1065 Habitum
804 1027 984 1065 multum
1009 1025 1204 1068 inservire
1218 1027 1266 1067 ad
1291 1024 1531 1068 formandas

280 1078 475 1121 notiones
496 1080 547 1120 de
562 1081 723 1132 planta;
743 1088 784 1121 at
804 1092 905 1120 vero
930 1080 972 1119 in
989 1082 1162 1124 nomine
1177 1079 1368 1134 speeifico
1389 1084 1533 1123 admo·

285 1136 384 1177 dum
402 1147 569 1175 erronea
593 1134 666 1188 est,
682 1148 775 1176 cum
807 1135 1015 1177 contineat
1039 1136 1141 1178 nihil
1162 1136 1284 1189 aliud,
1303 1134 1375 1178 nifi
1400 1138 1531 1178 solam

283 1197 447 1240 notam,
473 1203 550 1242 qua
570 1189 837 1246 distinguatur
856 1202 877 1231 a
900 1192 1214 1247 congeneribuS.

168 1242 254 1286 Ubi
267 1248 377 1286 nulla
389 1244 615 1285 differentia
631 1243 815 1299 specifica
826 1246 873 1285 ad
884 1248 1064 1297 plantam
1080 1249 1351 1297 nominatam,
1364 1246 1532 1300 ibi-prae-

225 1300 481 1353 supponitur,
499 1300 541 1341 in
566 1313 714 1356 genere
735 1313 822 1342 non
840 1298 914 1341 nifi
937 1301 1102 1343 unicam
1121 1303 1293 1356 speciem
1316 1299 1395 1344 esse
1417 1304 1533 1345 dete·

228 1357 347 1397 Ciam.

166 1410 353 1455 Erronea
367 1410 503 1462 itaque
528 1411 617 1452 sunt
631 1410 802 1451 nomina
820 1409 1019 1464 specifica,
1032 1423 1118 1464 quae
1132 1411 1375 1456 differentias
1391 1414 1530 1469 impo-

222 1468 331 1508 suere
353 1467 506 1519 plantis
532 1466 571 1506 in
591 1468 661 1507 suo
681 1478 829 1520 genere
850 1465 1038 1507 solitariis
1055 1480 1147 1519 pag.
1173 1468 1261 1521 136.
1291 1481 1325 1508 e.
1345 1484 1406 1526 gr.

222 1521 396 1563 Morina
414 1521 619 1570 orientalis,
639 1520 781 1561 carlina
791 1520 891 1575 folio
922 1520 1134 1563 Tournef.
1161 1534 1246 1571 cor.
1270 1529 1337 1577 43.

222 1576 519 1674 ngechampia
529 1578 732 1633 fiundens,
760 1576 877 1636 lupulj
893 1575 1038 1631 foliis,
1058 1578 1187 1630 fruflu
1207 1577 1342 1634 hispido
1366 1578 1529 1623 tricocco.

312 1635 414 1674 lum.
444 1646 568 1675 amer.
603 1644 620 1676 Ι
656 1660 668 1673 .

221 1687 450 1730 Matthiola
474 1688 573 1742 fblio
599 1642 718 1744 sibero
739 1687 998 1743 sicbrotundo‚
1025 1689 1156 1743 frusta
1189 1688 1403 1746 nigricante.

275 1742 414 1784 Plum.
448 1756 571 1785 amer.
609 1743 675 1785 16.

223 1797 417 1839 Maranta
438 1799 697 1849 arundinacea‚
727 1798 915 1839 cannacori
927 1797 1041 1852 folio.
1070 1798 1209 1841 Plum.
1242 1813 1367 1841 amer.
1405 1801 1468 1845 16.

221 1851 370 1895 Valdia
389 1853 513 1894 cardui
529 1853 651 1909 folio,
673 1853 1039 1909 fruHufiaebcaeruIeo.
1068 1853 1206 1897 Plum.
1242 1869 1368 1897 amer.
1401 1866 1464 1899 11.

109 1979 221 2032 294.
251 1969 418 2015 Nomen
448 1967 696 2035 specificum
729 1966 951 2031 imponat,
990 1965 1064 2032 qui
1103 1982 1261 2015 novam
1292 1967 1522 2019 adinvene-

236 2036 294 2083 rit
321 2033 565 2098 speciem,fi
596 2032 724 2081 modo
757 2034 921 2081 neceffe
943 2037 994 2081 fit
1025 2036 1170 2100 (293)
1186 2035 1291 2085 tale.

160 2112 250 2170 Qui
273 2127 428 2157 novam
461 2116 614 2175 detegit
634 2114 827 2167 speciem,
861 2115 982 2157 addat
1002 2115 1044 2155 δε
1070 2128 1156 2156 non
1180 2118 1312 2159 modo
1339 2118 1523 2167 ejusdem

221 2169 491 2212 differentiam
507 2202 518 2220 ‚
537 2174 602 2214 sed
618 2171 658 2212 &
674 2170 717 2210 in
741 2170 962 2225 congeneri
984 2173 1051 2211 vel
1080 2173 1380 2229 congeneribus
1401 2173 1522 2213 diffe-

215 2225 365 2267 rentias
388 2239 436 2266 au
469 2237 546 2279 eat,
572 2236 617 2269 ut
631 2224 928 2282 distinguantur
950 2225 993 2267 in
1018 2225 1228 2281 posterum
1250 2227 1400 2282 species
1416 2227 1522 2269 suffi-

215 2277 337 2321 cienti
370 2281 408 2322 di
445 2283 606 2325 erentia.

156 2331 435 2376 Gauron«
463 2337 598 2380 Gron.
625 2336 733 2395 virg.
755 2345 822 2392 25.
849 2337 1028 2390 primum
1048 2339 1234 2382 innotuit
1255 2338 1298 2380 in
1315 2338 1519 2394 Virginia·

216 2388 308 2429 dein
332 2390 404 2431 alia
438 2392 588 2445 species
610 2391 783 2434 Limnia
804 2391 907 2434 dista
929 2397 970 2435 in
1003 2394 1150 2437 Sibiria
1169 2408 1181 2439 ε
1209 2394 1392 2446 adeoque
1413 2392 1520 2435 diea-

213 2451 279 2484 tur
291 2441 484 2488 Sibirica:
507 2447 732 2491 cameron
746 2447 913 2502 msoliis
927 2449 1069 2502 emtis,
1083 2450 1124 2493 ὅ(
1136 2448 1349 2508 Virginica
1361 2447 1461 2489 Cea
1473 2463 1516 2487 ν-

217 2513 355 2541 iror-am
376 2500 494 2555 fhliis
521 2502 735 2547 linearibu‘s.

757 2565 791 2612 P
826 2575 855 2627 3
1282 2568 1395 2627 295.
1427 2560 1517 2610 Noa
