1619 2844
525 133 1103 185 DIFFERENTIA.
1349 147 1447 199 217

219 228 324 261 trare
336 207 580 263 coarsta'tum
605 222 792 273 spatium,
817 221 856 263 &
871 209 1038 275 u-aruriri
1061 232 1254 275 tanquam
1276 239 1324 265 ex
1345 228 1516 282 angusto

223 285 355 337 utero,
386 274 439 317 fic
479 278 578 331 saepe
607 279 651 320 in
675 275 900 328 Ranuncuffi,
936 277 1048 328 Rem,
1080 277 1214 334 Aspara
1242 296 1276 328 o,
1305 279 1516 338 Hesper-ide,

220 327 335 383 Ptnu,
365 330 514 387 Cehfia,
545 330 823 391 Tragopogone,
844 330 1083 385 Smrzonera,
1115 336 1244 376 Cotua
1263 337 1426 391 fhetida.

392 409 493 450 Beta
515 409 587 450 lato
600 409 700 450 caule
724 408 765 448 C.
783 406 837 459 B,

391 465 638 506 Amarantus
663 464 840 518 cristatus.

162 526 311 575 ,Plicata
328 533 473 574 dicitur
499 533 654 580 Planta,
682 547 777 574 cum
801 534 924 575 arbor
938 534 1003 573 vel
1021 545 1157 574 ramus
1179 533 1370 576 excrescit
1395 538 1517 580 mini-

227 590 302 628 mis
322 590 554 630 intertextis
577 590 756 635 ramulis‚
775 597 973 641 tanquam
988 589 1101 629 Plica
1120 590 1315 643 polonica
1338 605 1384 631 ex
1409 594 1517 644 pilis,

226 657 297 684 ceu
321 643 442 685 instar
469 645 554 685 nidi
571 645 700 691 Picae,
740 645 854 698 quod
877 647 1024 700 vulgus
1047 657 1066 686 a
1088 648 1200 685 malo
1232 646 1354 699 genio
1380 657 1519 688 ortum

223 700 458 748 arbitratum
489 699 682 752 frequens
708 702 813 754 apud
839 714 916 741 nos
940 700 982 741 in
1004 698 1153 753 Betula,
1172 701 1521 753 praesertimNor-

224 755 382 807 landiae‚
408 756 448 795 in
472 755 627 811 Carpino
647 756 817 805 Scaffiae,
838 769 914 797 nec
942 754 1180 808 infrequens
1202 757 1243 795 in
1266 752 1375 796 Pinu.

166 825 301 883 Crg'sjvcr
327 835 394 884 83.
421 831 488 886 63.
516 829 618 871 folia
642 828 760 876 fiunt,
787 843 880 870 cum
915 828 1120 869 foliorum
1151 829 1376 881 peripheria
1402 841 1522 886 auge-

223 891 303 934 tur,
325 894 370 924 ut
392 885 651 927 circumcirca
672 886 837 926 flustuet
854 882 960 937 quali
983 885 1155 925 undatus
1179 885 1343 926 limbus.

164 954 316 997 Bullata
342 957 444 998 folia
460 955 565 998 fiunt
580 973 626 999 ex
638 956 811 1013 rugosis,
824 971 917 997 cum
932 956 1059 997 discus
1088 963 1190 1003 (non
1207 957 1404 1009 ambitus)
1419 957 1525 996 mul-

223 1013 445 1065 tiplicetur,
466 1022 509 1053 ut
527 1013 632 1054 inter
654 1027 770 1069 rugas
797 1012 981 1053 ascendat
1005 1010 1220 1052 substantia
1243 1010 1365 1052 instar
1390 1024 1523 1052 cono-

225 1081 334 1121 rum,
350 1069 487 1109 subtus
506 1081 787 1110 concavorum
802 1088 812 1106 ε
846 1067 904 1107 uti
927 1066 1111 1120 plurimae
1136 1063 1290 1116 Sal-vm,
1307 1065 1489 1124 Ocymum.

150 1136 296 1178 Flores
319 1138 632 1192 multiplicatos,
648 1142 807 1190 plenos,
825 1136 1050 1190 proliferos
1075 1150 1121 1176 ex
1137 1134 1388 1190 simplicibus
1406 1135 1523 1189 oriri,

226 1206 274 1233 ex
298 1194 632 1235 antecedentibus
659 1197 874 1247 (119-122
899 1195 1119 1246 150-271.)
1151 1200 1274 1245 patet.

166 1268 392 1364 Vax-{gata}
410 1272 508 1310 loco
528 1268 751 1323 specierum
773 1268 863 1308 sunt
884 1265 1007 1307 variae
1028 1267 1200 1320 plantae,
1233 1277 1321 1319 quae
1344 1277 1520 1307 numero

219 1338 269 1366 au
310 1337 340 1364 ae
381 1333 469 1368 unt.

338 1396 597 1454 Ophiogloffizm
617 1398 739 1452 lingua
768 1393 888 1451 bifida,
912 1393 1048 1437 Barth.

334 1450 634 1511 Plantago'spica
655 1453 776 1510 htfida.
800 1449 934 1493 Barth,

107 1586 220 1641 275.
250 1582 448 1628 RAmx
485 1578 619 1640 (81)
656 1575 949 1625 differentiam
978 1575 1140 1623 realem
1169 1574 1287 1640 saepe
1318 1571 1526 1621 submini-

241 1648 376 1706 strat,
415 1644 471 1694 ad
506 1662 600 1695 eam
632 1656 808 1705 tamen,
843 1645 921 1691 nisi
954 1658 1098 1690 omnes
1140 1642 1245 1690 aliae
1278 1642 1551 1708 interclusae·

252 1717 334 1761 sint
362 1715 452 1762 viae
465 1748 484 1774 ,
529 1731 617 1761 non
648 1711 982 1775 confugiendum
1009 1711 1084 1757 est.

162 1812 206 1855 Si
228 1813 305 1854 alia
320 1811 486 1866 superfit
499 1811 689 1853 constans
711 1818 812 1851 nota
826 1810 875 1850 ad
897 1810 1075 1852 radicem
1087 1822 1172 1850 non
1186 1806 1524 1865 confugiendum3

220 1882 306 1909 non
332 1868 442 1909 enim
460 1869 557 1909 licet
570 1867 690 1908 facile
716 1865 758 1905 in
778 1864 909 1906 hortis
925 1868 1084 1917 plantas
1105 1865 1319 1916 eradicare,
1354 1864 1396 1904 in
1413 1860 1526 1903 Her-

216 1924 337 1964 bariis
360 1936 448 1963 non
467 1923 589 1964 facile
613 1919 854 1963 transfertur
867 1919 1001 1969 radix3
1027 1921 1070 1962 in
1091 1920 1202 1961 vivis
1225 1919 1372 1974 plantis
1392 1917 1525 1961 oculis

219 1977 375 2020 nostris
399 1979 438 2020 se
459 1978 643 2020 subducit
668 1975 791 2018 etiam
811 1975 936 2016 radix.

161 2049 268 2108 Quo
284 2051 443 2096 facilius
471 2051 765 2109 dignoscuntur
788 2050 949 2102 plantae‚
969 2060 1021 2092 eo
1039 2048 1203 2103 melius,
1227 2049 1293 2091 sed
1318 2048 1526 2091 necestita-

219 2112 253 2150 ti
274 2110 383 2149 nulla
399 2114 464 2151 lex
487 2105 617 2158 pofita
637 2103 710 2148 est.

272 2159 394 2205 Scillae
418 2162 657 2205 difficillime
679 2161 728 2202 ab
758 2161 881 2203 herba
907 2159 1227 2218 distinguuntur,
1250 2175 1271 2205 a
1286 2159 1405 2204 Bulbo
1429 2157 1528 2200 tuni*

335 2227 415 2259 cato
439 2227 507 2260 aut
518 2217 655 2274 solido,
676 2225 746 2258 aut
758 2217 944 2280 squamcfiz
965 2215 1187 2259 facillime.

274 2272 448 2316 Orchides
469 2282 561 2314 tuto
575 2285 661 2312 non
683 2271 1004 2327 distmguuntur,
1023 2270 1096 2314 nist
1117 2273 1270 2315 radices
1277 2270 1431 2329 fibrosc'e,
1434 2268 1524 2325 fieb-

335 2330 507 2379 rotundae,
532 2337 599 2369 aut
624 2326 830 2379 testiculum
864 2328 906 2368 in
927 2327 1123 2370 auxilium
1148 2336 1363 2369 vocantur.

278 2377 462 2425 Fumariae
485 2383 663 2425 bulbosae
684 2382 804 2424 radice
823 2397 914 2424 cava
937 2383 1110 2431 maiores
1136 2383 1387 2424 &minores.

677 2437 796 2479 radice
816 2452 887 2480 non
907 2452 997 2479 cava
1020 2439 1194 2486 majores
1225 2438 1264 2477 &
1281 2437 1477 2476 minores.

336 2494 428 2537 sunt
445 2500 606 2537 tautum
629 2494 846 2537 varietates
860 2505 963 2591 but,
998 2493 1199 2536 monstrat
1221 2492 1378 2534 habitus
1400 2490 1528 2584 toltius

941 2558 966 2602 5
1416 2558 1441 2598 P
1461 2556 1527 2584 3¹¹⁹
