1619 2844
159 173 256 213 nea
290 172 401 209 mea
429 159 481 208 in
515 158 875 220 compendium
912 157 1149 221 redigere
1175 158 1377 226 &typis
1414 175 1552 211 man-

164 228 316 278 dare:
353 237 399 274 at
431 226 540 275 dira
570 225 823 276 Anthritis
845 265 859 286 ‚
900 224 990 275 vix
1020 238 1226 288 incepto
1264 241 1452 290 opere,
1498 228 1566 276 ita

159 307 266 344 una
289 309 402 343 cum
429 294 661 355 corporis
680 294 877 343 viribus
898 305 1120 343 mentem
1142 295 1189 343 δε
1213 294 1428 343 animum
1459 293 1563 343 fre-

158 362 254 428 git7
278 373 335 409 ut
357 359 408 409 in
431 360 532 424 ipsa
555 360 714 408 herba
733 360 843 410 fere
871 359 1169 411 suffocatum
1194 358 1370 410 fuisset.
1405 364 1558 411 Nunc

156 443 286 481 vero
311 427 420 491 post
451 441 779 490 recuperatas
815 427 1240 492 qualitercunque
1265 426 1422 491 vires,
1449 426 1559 479 Phi-

155 496 410 560 losophiae
433 493 692 546 Botanicae
719 494 1096 557 Compendium
1125 497 1241 543 heic
1270 494 1397 555 sisto„
1424 498 1558 544 mole

155 579 388 631 parvum,
416 571 590 627 utpote
618 562 800 626 primas
825 562 982 612 lineas
1010 562 1268 627 primaque
1299 561 1557 612 rudimen-

161 630 492 684 taBotanices
513 629 566 678 in
591 629 797 694 gratiam
819 638 1012 681 tantum
1038 628 1419 691 Discipulorum
1447 627 1556 691 edi-

159 714 288 760 tum,
314 695 678 761 compleaens,
703 696 790 747 sed
823 695 963 762 quod
990 695 1083 744 alio
1114 706 1368 760 tempore,
1392 696 1428 745 fi
1455 694 1558 745 fata

159 768 322 820 velint
358 766 406 815 δε
435 765 553 827 otia,
587 764 744 827 longe
772 762 965 813 auctius
993 763 1234 827 prodibit.
1320 759 1332 800 '-

226 838 287 885 In
309 835 445 884 calce
470 830 696 896 opusculi
736 828 899 892 adjeci
937 831 1185 880 nonnulla
1215 829 1276 880 de
1298 827 1558 893 Ivgllrufilione

158 901 463 966 disciplinae,
490 913 555 951 ne
575 897 775 964 paginae
797 898 1009 948 alternae
1032 912 1212 947 vacuae
1232 896 1559 963 reliqueren-
1618 911 1619 957 ξ

160 985 258 1023 tur.
1617 979 1619 990 ⁴

236 1041 532 1101 occupatus
560 1048 697 1084 nunc
741 1032 796 1082 in
836 1028 1146 1095 colligendis
1210 1033 1548 1082 Srsscmnvs

155 1109 565 1165 PLANTARVM,
600 1097 1028 1164 praestantissimos
1062 1113 1153 1160 per
1172 1098 1431 1160 Europam
1460 1100 1555 1145 Bo-

157 1172 353 1222 tanicos
377 1170 528 1222 enixe
544 1183 670 1231 rogo
690 1179 914 1230 oroque..
931 1177 985 1214 ut
1003 1168 1197 1215 Plantas
1221 1163 1350 1215 flore
1371 1164 1558 1214 instru-

160 1239 282 1303 staS,
306 1238 341 1288 fi
363 1253 486 1305 quas
506 1234 785 1300 poffideant
804 1231 857 1281 in
880 1232 1039 1296 duplo
1061 1229 1304 1294 rarioreS‚
1325 1230 1409 1280 vel
1426 1248 1451 1279 a
1476 1242 1559 1278 me

156 1322 263 1360 non
289 1305 464 1368 dietas,
485 1317 685 1354 mecum
723 1298 1124 1362 communicent,
1150 1313 1255 1361 quo
1278 1298 1430 1346 liceat
1454 1311 1560 1346 eas-

162 1375 279 1425 dem
301 1371 362 1423 ad
387 1375 590 1424 Genera
617 1367 815 1419 referre
846 1381 963 1416 cum
988 1363 1268 1431 adaequatis
1292 1364 1556 1415 Differen-

158 1441 242 1493 tiis
266 1458 282 1504 ς
351 1455 520 1491 meum
563 1437 661 1488 erit
707 1434 916 1486 vicissim
949 1432 1000 1482 in
1040 1445 1219 1498 opere,
1271 1431 1332 1481 ad
1394 1445 1562 1495 quam-

158 1521 370 1574 cunque
405 1506 641 1572 speciem,
670 1502 876 1569 publice
903 1499 1067 1549 testari
1108 1509 1305 1563 gratum
1337 1499 1559 1551 animum

169 1582 224 1632 in
258 1592 368 1639 θος,
401 1573 489 1642 qui
512 1573 709 1624 easdem
739 1568 1198 1620 communicarunt.

231 1698 404 1772 Upfhliae
439 1712 566 1762 2750
604 1694 839 1764 Septembr.
868 1695 938 1746 τό.

1036 2027 1195 2081 CAR.
1229 2019 1558 2078 LINNAEUS.

1259 2570 1568 2639 INTRO-
