1619 2844
459 140 1113 188 D1FFERENT1A.
1346 153 1443 207 233

661 210 722 219 -ᾓ

389 227 529 270 Alfine
549 224 706 281 alt1ffima
733 225 790 267 est
814 225 952 267 minor
973 225 1115 267 Betula
1140 240 1258 269 nana.

160 284 319 326 Contra
336 291 471 324 autern
489 282 759 331 sentiendum,
772 281 842 322 ubi
864 281 1125 335 superlativus
1144 286 1289 338 gradus
1310 287 1522 332 adhibetur

223 341 272 380 de
289 343 432 392 plantae
450 337 650 393 praesentis
664 345 793 390 parte,
804 337 845 376 &
858 335 1009 377 indicat
1024 350 1178 388 partem
1213 338 1291 382 effe
1304 344 1526 386 maximam

222 395 328 436 inter
351 407 495 435 omnes
521 396 665 447 plantae
690 399 849 445 partes3
878 401 968 432 tum
998 393 1108 432 enim
1132 395 1291 450 egregia
1324 410 1421 439 nota
1447 400 1527 443 est:

334 449 515 492 Lobelia
534 447 743 504 pedunculis
765 446 1000 505 brevzffimis,
1030 449 1112 488 tubo
1145 450 1283 491 corollae
1313 451 1515 510 longiffimo.

504 505 574 546 Ro
608 534 617 544 .

166 557 354 602 Erronea
369 559 458 601 sunt
477 517 647 600 nomina
668 558 853 612 specffica
877 557 1034 610 omnia,
1054 571 1140 613 quae
1157 565 1519 616 comparationem

278 615 426 656 habent
450 624 558 657 extra
581 617 777 667 plantam.

390 668 631 723 Equisetum
660 670 789 712 laevius
818 669 910 720 Raj.

386 724 582 766 Pilosella
613 728 744 785 major,
767 727 884 767 minus
911 724 1046 779 hia-*licta
1075 725 1125 767 C.
1149 724 1202 767 B.

391 780 582 823 Pilosella
610 782 746 834 minor,
764 781 865 838 folio
887 781 1111 839 angzstiore,
1140 781 1258 823 minus
1285 783 1402 841 pilqsb
1425 786 1457 828 I.
1474 785 1523 829 Β.

110 902 225 961 298.
255 897 421 942 Nomen
444 893 689 959 specificum
721 894 917 943 terminis
942 895 1136 961 pofitivis
1149 929 1167 954 ‚
1203 910 1288 942 non
1313 913 1418 945 vero
1453 915 1525 946 ne-

242 960 442 1024 gantibus
458 996 474 1020 ‚
508 972 664 1011 utatur.

165 1046 376 1105 Negativa
397 1047 664 1144 'nihislkdieuut
677 1073 690 1093 ‚
713 1048 782 1088 vel
808 1046 949 1088 dicunt
967 1046 1078 1100 quod
1098 1059 1185 1089 non
1210 1045 1281 1096 est,
1306 1060 1392 1090 non
1418 1063 1523 1093 vero
1591 1068 1592 1073 ¹

164 1105 597 1212 Quamdffiuissgabula
620 1156 794 1211 positiva
816 1157 981 1211 adsunt,
1007 1170 1213 1210 nunquam
1235 1158 1331 1200 licet
1353 1157 1525 1214 privati·

335 1213 399 1254 vis
414 1215 488 1262 uti,
509 1215 692 1264 adeoque
720 1215 877 1264 semper
899 1221 1036 1266 parata
1059 1222 1176 1255 erunt
1193 1216 1412 1270 vocabula,
1434 1230 1524 1271 quae

341 1269 452 1310 ideas
483 1267 694 1323 oppofitas
717 1268 965 1322 exprimunt.

105 1339 369 1383 Subrotundum
384 1342 434 1385 &³
475 1343 670 1398 oblongum.
783 1338 946 1397 Simplex
1055 1343 1107 1386 δι’
1209 1343 1440 1398 compqsitum.

106 1396 348 1439 Rotundatum
403 1424 421 1431 -
481 1398 702 1454 angulatum.
789 1393 1010 1438 Petiolatunz
1065 1426 1082 1435 -
1136 1426 1155 1435 -
1200 1400 1326 1456 Jkffile.

102 1451 244 1509 fissum
327 1476 346 1484 -
403 1478 422 1486 -
476 1453 678 1507 indi-visiun.
784 1449 944 1494 Ereftus
995 1476 1014 1486 -
1070 1480 1087 1487 -
1143 1481 1158 1488 -
1215 1454 1403 1497 volubjlis.

62 1553 64 1556 Α
106 1505 278 1561 Obtulimz
331 1533 349 1542 -
402 1534 422 1542 ·
473 1516 624 1550 acutum.
794 1504 917 1549 Teres
987 1534 1005 1542 -
1060 1535 1077 1560 ‚-
1135 1534 1154 1542 ·
1209 1511 1414 1567 angulatur.

102 1561 273 1619 Pungens
329 1587 348 1596 ·
405 1590 423 1597 -
478 1564 621 1605 inerme.
793 1560 1078 1620 Simplictffimus
1135 1591 1151 1598 -
1209 1565 1379 1620 ramofics.

103 1616 290 1660 Serratum
330 1642 346 1652 -
402 1644 418 1652 -
474 1619 751 1676 integerrimum.
792 1619 980 1672 Aristatus
1068 1645 1086 1652 -
1141 1648 1158 1655 -
1218 1623 1381 1662 muricus.

101 1673 309 1728 Ner-voslun
404 1700 422 1708 -
478 1689 619 1716 enerve.
788 1673 924 1715 Luxus
942 1675 1169 1728 (flaccidus)
1203 1677 1368 1728 strifius.

105 1726 358 1784 Tomentoficm
401 1753 418 1762 -
464 1731 638 1787 glabrum.
786 1729 928 1770 Remotz‘
987 1755 1004 1761 -
1060 1756 1078 1763 -
1133 1757 1150 1762 -
1204 1729 1377 1786 conferti.

102 1781 260 1826 Teflum
326 1810 344 1818 -
400 1807 416 1818 -
466 1787 607 1826 nudum.
783 1784 1007 1826 Divaricati
1059 1809 1076 1817 -
1133 1811 1148 1817 -
1203 1785 1388 1828 coarflati.

102 1838 147 1880 V
149 1840 284 1894 enositm
326 1862 344 1871 -
401 1865 420 1873 -
474 1841 650 1881 avenium.
799 1841 1005 1895 Caulejsc'ens
1063 1864 1080 1871 -
1136 1871 1145 1881 .
1200 1842 1351 1883 acaulis.

105 1893 227 1936 Teres
323 1919 340 1926 —
394 1919 410 1927 -
465 1897 676 1951 angulfficm.
795 1894 1001 1937 Her-haceus
1081 1895 1237 1952 lignofics
1246 1894 1520 1952 JJfi‘ufiic-osics,

104 1947 319 2003 Tuhulaficm
394 1977 409 1982 -
453 1947 625 2005 fizifium.
793 1952 1004 1993 Attenuatae
1052 1976 1070 1984 -
1127 1976 1144 1983 -
1198 1951 1403 2010 incrzffztae.

152 2022 248 2064 Fiat
275 2021 493 2075 descriptio
519 2025 666 2076 plantae
685 2022 900 2067 vastiffima
922 2024 1110 2066 terminis
1132 2025 1360 2077 negativis,
1392 2038 1519 2066 nemo

269 2078 363 2117 inde
386 2076 456 2119 {ibi
472 2077 628 2120 formet
652 2081 783 2121 ideam
804 2080 1044 2122 leviffimam
1059 2079 1214 2134 plantae.
1237 2082 1332 2123 vide
1347 2080 1403 2122 D.
1422 2078 1521 2136 Epi-

259 2133 362 2187 δ[ὲορ.
387 2131 584 2176 Browallii
609 2132 773 2178 Examen
797 2136 998 2192 epicrzfios.

155 2185 342 2228 Erronea
359 2187 495 2240 itaque
511 2190 602 2232 sunt
625 2191 766 2232 omnia
779 2192 947 2233 nomina
968 2191 1167 2245 specifica,
1182 2204 1269 2244 quae
1294 2192 1516 2234 admittunt

271 2245 471 2285 vocabula
493 2247 560 2285 vel
589 2247 802 2299 particulas
827 2248 1054 2303 negativa&

263 2296 519 2353 Lysimachia
549 2315 617 2342 non
635 2301 786 2358 pappOstz
809 2301 927 2344 Mor.
956 2302 1190 2344 Seminibus
1214 2304 1348 2344 nudis.

263 2350 466 2405 Hippuris
491 2370 559 2396 non
582 2356 703 2414 aspera
723 2358 758 2399 Ι.
782 2356 832 2398 Β.
860 2359 1012 2416 glabra.

260 2406 521 2462 Bidensfolio
542 2426 610 2452 non
629 2412 768 2470 dissei-‘io
804 2412 860 2454 T.
882 2413 1058 2472 integro.

192 2478 197 2481 ¹
268 2462 538 2520 Phalangium
561 2482 628 2507 non
651 2467 817 2521 ramcficm
841 2468 1013 2510 Wehm.
1047 2471 1159 2509 caule
1188 2465 1377 2522 simplici.

262 2517 436 2574 Lychiis
456 2521 595 2575 petalis
619 2537 687 2564 non
708 2521 842 2577 bifidis.
868 2522 988 2567 Mor.
1016 2523 1208 2578 integris.

752 2583 781 2626 Ρ
820 2588 847 2637 5
1304 2593 1419 2645 299.
1453 2579 1522 2628 si-
